3420 5408
1344 453 1388 519 39

160 625 281 712 nita³⁸)
305 633 339 693 et
362 645 548 712 expressum
569 628 604 693 in
627 627 732 693 indice
747 625 895 694 Pliniano
910 627 1094 694 Polemonis
1109 629 1280 712 vestigium
1295 632 1391 698 modo

161 755 233 803 cum
256 736 414 802 Athenaei
439 737 579 818 epitome
601 735 617 800 Ι
641 754 671 817 p.
693 738 733 800 19
756 736 777 801 b
802 733 948 802 conseras
971 736 1133 802 Pliniana:

212 894 302 949 Varro
321 894 393 963 apud
411 893 538 949 Plinium.
611 893 615 981 η
812 894 924 949 Polemo
943 895 1016 964 opud
1035 895 1215 952 Athenaeum.

163 1019 244 1086 fecit
263 1026 316 1086 et.
334 1072 341 1086 .
359 1020 586 1096 citharoedum
641 1020 677 1085 ἐν
700 1020 736 1085 δὲ
759 1019 883 1104 Θήβαις
898 1018 1069 1105 Πινδάρου
1094 1017 1152 1086 οὐκ
1176 1021 1260 1088 ἔστιν
1284 1018 1387 1102 οἶκόν,

157 1125 223 1214 qni
235 1125 386 1192 Dicaeus
400 1128 587 1215 adpellotns
641 1127 786 1202 Κλέωνος
803 1128 842 1192 δὲ
865 1132 922 1193 τοῦ
946 1123 1043 1214 ᾠδοῦ,
1067 1125 1119 1213 ἐφ’
1144 1123 1180 1213 ἧς
1195 1127 1389 1217 ἐπιγέγραπ-

158 1235 587 1320 est,qnod,cnnlezebaeab
640 1257 696 1298 ναι
796 1231 1002 1299 ὑπὸτούτου
1029 1235 1085 1299 ιὸν
1114 1229 1309 1321 ἀνδριάντα,
1338 1234 1388 1302 ὅιε

158 1340 357 1406 Alexandro
376 1346 583 1428 caperentur,
633 1338 848 1428 Ἀλέξανδρος
863 1338 922 1415 τὰς
937 1338 1049 1427 Θήβας
1064 1344 1272 1427 κατέσκαπτε,
1296 1350 1389 1430 φησὶ

157 1468 285 1512 aurum
300 1470 322 1512 α
332 1447 498 1534 fugiente
512 1470 586 1513 con·
644 1449 828 1531 Πολέμων
868 1445 1031 1533 φεύγοντά
1064 1472 1139 1513 τινα
1173 1453 1307 1531 χρυσίον
1340 1453 1387 1528 εἰς

157 1552 267 1619 dabam
279 1553 585 1620 nnuea'uscelatnm
639 1557 676 1618 τὸ
723 1551 852 1639 ἱμάτιον
894 1554 1004 1618 κοῖλον
1043 1555 1080 1620 ὂν
1123 1554 1290 1621 ἐνθέσθαι
1331 1560 1387 1623 καὶ

155 1666 245 1727 esset.
640 1661 897 1747 συνοικιζομένης
934 1658 1168 1728 ἐπανελθόντα
1208 1660 1311 1752 εὑρεῖν
1348 1664 1384 1732 τό

636 1773 766 1858 χρυσίον
786 1767 868 1853 μετὰ
893 1767 945 1855 ἔτη
966 1768 1144 1856 τριάκοντα.

245 1912 450 1978 Polemonem
474 1916 619 1978 tenemus
641 1913 811 1995 utriusque
834 1915 1008 1978 auctorem.
1055 1911 1228 1990 Quaeritur
1255 1913 1383 1996 qualem

156 2020 273 2085 librum
297 2020 515 2102 designaverit
530 2020 725 2085 Athenaeus.
767 2019 800 2085 Si
820 2018 965 2084 Prellero
989 2019 1148 2085 credimus
1171 2023 1382 2089 ‘Resonant

156 2129 200 2194 At
223 2127 382 2195 artificum
399 2128 564 2210 catalogos
577 2127 766 2194 incredibile
782 2128 987 2209 periegeseos
1002 2127 1086 2192 libro
1104 2127 1229 2193 cuidam
1245 2129 1384 2196 insertos

156 2253 242 2315 esse,
267 2240 301 2300 et
324 2234 462 2302 concidit
485 2235 621 2301 Prelleri
644 2239 882 2318 argumentum,
912 2234 998 2316 quod
1021 2234 1054 2298 in
1078 2234 1147 2299 sola
1169 2236 1311 2316 positum
1334 2244 1385 2303 est

156 2341 337 2407 Thebarum
365 2342 538 2408 mentione.
593 2342 663 2425 Ego
687 2361 707 2407 a
735 2343 851 2408 ceteris
879 2341 1003 2406 Laertii
1029 2341 1188 2408 indicibus
1211 2344 1245 2408 in
1268 2345 1383 2427 quibus

156 2449 274 2514 citatur
303 2449 435 2515 Polemo
471 2447 614 2532 [11104.
644 2450 689 2517 IV
713 2451 765 2514 58.
794 2450 824 2515 V
847 2449 904 2532 85]
937 2449 1115 2513 exeundum
1146 2455 1237 2516 ratus
1265 2452 1383 2518 librum

154 2557 236 2641 πρὸς
250 2552 388 2620 Ἀδαῖον
408 2561 463 2618 καὶ
479 2550 669 2635 Ἀντίγονον
684 2557 816 2622 subesse
833 2556 996 2622 existimo:
1014 2555 1087 2621 illos
1104 2558 1188 2622 enim
1204 2559 1382 2626 rectissime

154 2663 316 2729 Prellerus
341 2663 537 2747 [Polemonis
560 2663 599 2730 ir.
622 2684 653 2746 p.
674 2665 751 2748 107]
781 2664 822 2730 ad
851 2663 933 2728 illud
960 2664 1046 2745 quod
1070 2664 1135 2729 dixi
1159 2685 1239 2747 opus
1263 2668 1382 2733 dudum

152 2769 291 2836 reduxit.
344 2768 485 2852 (lumque
514 2769 612 2836 etiam
643 2772 729 2853 apud
752 2771 953 2836 Athenaeum
980 2789 1079 2852 saepe
1107 2772 1193 2838 idem
1223 2779 1380 2856 cocurrnt,

153 2896 206 2942 res
230 2877 430 2942 dubitatione
455 2882 603 2959 exempta
611 2874 660 2962 ³⁹).
707 2879 756 2943 De
780 2883 960 2944 ceterorum
986 2878 1126 2944 indicum
1150 2881 1381 2962 compositione

225 3051 263 3123 38)
283 3052 375 3108 Schol.
395 3053 430 3108 ad
448 3053 545 3122 Eurip.
564 3053 637 3108 Med.
657 3055 708 3110 827
728 3055 774 3108 τοῦ
792 3054 875 3108 καλοῦ
893 3053 1028 3124 Κηηισοῢ]
1052 3056 1102 3108 νῦν
1123 3057 1172 3111 τοῦ
1189 3060 1217 3110 ἓν
1241 3058 1382 3133 τῇἎπικῇ

152 3142 330 3217 μνημονεύει·
350 3145 405 3197 ἐστὶ
423 3145 476 3215 γὰρ
495 3144 540 3197 καὶ
558 3144 645 3215 ἕτερος
664 3139 811 3216 ὁμώνυμος
828 3146 858 3196 ἐν
870 3150 999 3216 Βοιωτίη·
1028 3146 1080 3198 εἰσὶ
1098 3146 1128 3198 dt
1140 3147 1187 3198 nol
1205 3146 1288 3217 ἕτερον
1305 3149 1380 3202 καθά

153 3254 218 3304 φησι
235 3236 395 3305 Πολέμων
418 3237 450 3287 ἐν
472 3234 511 3305 τῷ
535 3235 613 3304 περὶ
637 3233 796 3306 ποταμῶν
819 3231 935 3306 γρόηιυν
955 3231 1045 3294 οὕτως·
1068 3237 1097 3288 ἰν
1112 3233 1238 3302 Ἀθήνησι
1257 3239 1378 3309 Κηηισός

151 3325 198 3378 και·
217 3327 246 3378 ἐν
263 3325 381 3378 Σικυῶνι
397 3327 444 3378 καὶ
462 3328 491 3378 ἐν
503 3323 591 3395 ’Ἀργει
607 3362 614 3376 .
628 3361 634 3376 .
650 3362 677 3377 ..
696 3323 802 3394 [cetera
821 3322 956 3377 excidere.
976 3321 1011 3376 cl.
1030 3322 1135 3378 Preller
1152 3340 1179 3393 p.
1201 3327 1270 3395 1261.

223 3411 262 3482 39)
280 3413 371 3468 Unum
393 3428 449 3467 non
471 3412 540 3466 duos
562 3411 648 3466 luisse
676 3413 706 3466 P.
730 3410 850 3466 artifices
876 3426 919 3467 me
947 3411 1174 3468 Wilamowitaius
1198 3415 1309 3470 edocuit
1332 3418 1380 3488 [ct.

152 3502 264 3558 Curtius
291 3503 365 3576 arch.
393 3502 508 3572 neitung
530 3501 650 3556 XXXVI
673 3502 766 3572 (1878)
789 3518 815 3571 p.
839 3503 874 3556 82
899 3501 962 3572 sq.].
1003 3501 1118 3556 Erravit
1145 3502 1230 3572 igitur
1257 3505 1378 3562 Polemo.

152 3591 259 3646 Samius
278 3592 307 3646 in
326 3592 405 3647 titulo
426 3591 584 3662 olympiaco
604 3591 726 3645 occurrit
747 3589 794 3660 [cl.
814 3590 939 3645 Curtium
958 3589 1016 3660 ib.].
1036 3621 1069 3630 -
1091 3589 1280 3663 Furtwtngler
1297 3611 1324 3663 p.
1344 3599 1379 3653 70

151 3697 204 3736 non
223 3681 257 3735 de
276 3681 422 3736 Polemone
441 3681 490 3736 sed
508 3679 646 3748 Antigono
665 3679 788 3734 hausisse
802 3679 954 3735 Varronem
972 3679 1070 3735 statuit
1088 3679 1147 3734 sine
1167 3696 1257 3751 causa,
1276 3683 1378 3753 siquid

151 3770 240 3825 video.
254 3801 287 3809 —
307 3769 351 3824 Ex
369 3786 399 3824 re
418 3769 536 3840 videtur,
556 3775 663 3824 ceteros
681 3770 905 3840 homonymorum
919 3770 1023 3825 indices
1042 3769 1181 3826 Plinianos
1200 3771 1376 3844 subiungere:

150 3859 270 3914 XXXIV
288 3862 314 3928 8,
334 3861 367 3914 27
392 3860 603 3926 Cephisodoti
618 3863 669 3912 duo
684 3863 786 3929 suere,·
803 3863 936 3926 prioris
956 3867 996 3912 est
1013 3861 1166 3912 Mercurius
1184 3863 1308 3914 Liberum
1328 3874 1377 3930 pu-

150 3960 218 4002 trem
238 3955 265 4000 ιἰι
284 3953 399 4019 infantat
417 3953 555 4008 κακίονα
565 3953 635 4019 fecit
652 3959 679 4002 et
694 3955 879 4004 centenitatem
904 3968 985 4002 manu
1009 3953 1086 4012 elata,
1099 3959 1216 4017 persona
1234 3956 1262 4004 in
1281 3957 1378 4007 incerto

150 4048 196 4092 est.
235 4042 382 4106 Sequens
399 4043 565 4106 philosophos
579 4043 656 4110 fecit
676 4071 710 4078 —
728 4039 834 4093 XXXV
853 4042 877 4107 9,
897 4041 931 4095 35
948 4043 1011 4110 suit
1026 4049 1053 4091 et
1069 4044 1140 4092 alans
1158 4043 1243 4092 Ma'co
1266 4046 1316 4108 qui
1330 4048 1376 4095 mi·

151 4133 224 4180 nora's
241 4133 393 4195 cognomine
410 4132 593 4196 disttnguitur,
612 4135 686 4181 οαίαι
701 4133 770 4197 filiu¹
789 4132 918 4183 Timarete
939 4135 1038 4196 etipsa
1056 4134 1147 4196 panm't
1164 4129 1271 4199 [contra
1290 4131 1375 4187 schol.

150 4217 179 4271 in
202 4217 345 4286 Aristoph.
368 4217 485 4287 Lysistr.
510 4220 576 4272 629:
603 4221 626 4274 1.
648 4218 722 4274 Mico
744 4218 842 4288 pictor.
864 4223 959 4290 γέγονε
983 4220 1012 4272 δὲ
1035 4221 1082 4274 καὶ
1109 4218 1195 4289 ἕτερος
1217 4225 1315 4274 Μίκων
1337 4226 1376 4283 εἰς

150 4313 246 4362 πενίαν
268 4305 505 4380 amputabamus}
529 4339 564 4346 -
586 4306 742 4362 Consimilis
762 4308 833 4363 ratio
856 4308 1021 4364 Glaucorum
1041 4307 1136 4378 Steph.
1154 4307 1220 4377 Byz.
1240 4325 1260 4364 s.
1280 4327 1307 4365 v.
1325 4317 1374 4368 At-

150 4395 227 4470 θάλη.
241 4435 247 4450 .
261 4435 289 4450 ..
315 4395 363 4468 ἀφ’
388 4390 417 4463 ἧς
439 4391 471 4463 ἦν
495 4394 509 4451 ὁ
532 4399 649 4460 Γλαῦκος
672 4403 709 4460 εἷς
732 4399 784 4453 τῶν
806 4395 851 4465 την
874 4397 997 4464 κόλλησιν
1019 4397 1129 4470 ordinae
1149 4396 1293 4470 eripiatur·
1315 4399 1373 4458 όόο
