3420 5408
1329 495 1370 559 51

145 665 227 733 οἶδ’(
267 665 310 732 Et
330 665 414 732 haec
437 665 565 749 quidem
587 671 624 732 ut
647 666 783 750 possunt
811 667 960 735 contendi
988 669 1036 736 ita
1059 677 1222 754 nequeunt
1244 673 1373 739 demon·

147 776 255 842 streri.
291 811 336 822 -—
371 775 415 839 At
449 793 532 857 quae
567 777 753 842 secunturl·
789 774 886 861 Quem
918 777 997 842 odeo
1030 776 1139 842 statui
1161 783 1281 865 potest,
1315 801 1373 845 αιι

144 881 339 948 Fooom'nus
368 881 503 947 ιἀοιαίο
531 881 645 948 ommia
671 882 833 957 debuerat,
869 883 1034 971 m'quzlr’em
1060 883 1163 950 totmm
1194 887 1301 952 locum
1316 886 1320 892 ’
1335 887 1375 954 oo

145 991 354 1076 Protagorae
375 988 524 1054 caventes
554 991 646 1056 VIII
663 991 794 1058 50-54
816 991 944 1055 constat
962 1011 1006 1056 ex
1027 991 1207 1077 ommgmmc
1230 993 1374 1059 teritorio

145 1119 213 1161 esso
234 1098 455 1183 desumptum.
493 1097 543 1162 En
567 1097 712 1163 errorum
735 1116 837 1180 paene
861 1099 980 1164 nidum.
1022 1098 1160 1164 Omnia
1184 1101 1234 1166 cui
1257 1101 1376 1168 debeat

144 1206 276 1270 inventa
306 1205 484 1271 Favorinus
513 1204 637 1286 Oedipo
668 1205 770 1270 satius
803 1209 853 1270 est
881 1205 922 1270 ed
950 1205 1157 1272 divinandum
1182 1227 1372 1291 proponere.

143 1310 246 1376 Porro
269 1312 469 1394 Protagorae
492 1312 735 1380 inventa'nullc
759 1312 869 1376 addito
893 1313 991 1378 verbo
1015 1313 1116 1378 ieetet
1140 1315 1177 1379 eir
1205 1316 1375 1397 omnigena

143 1418 281 1484 historia
319 1417 450 1486 fluxisse
488 1420 624 1486 omnia.
683 1421 727 1485 At
772 1420 902 1501 scripsit
940 1420 1091 1485 Laertius
1127 1421 1173 1486 IX
1208 1423 1251 1487 50
1285 1441 1373 1506 squ:

145 1523 286 1590 ἐκαλεῖτό
307 1547 342 1589 τε
370 1531 488 1612 σοφία,
516 1523 561 1602 ὥς
589 1545 668 1613 φησι
692 1531 885 1615 Φαβωρῖνος
907 1527 943 1593 ἐν
964 1551 1000 1594 π.
1026 1525 1063 1593 λ·
1087 1535 1143 1592 καὶ
1164 1530 1293 1615 πρῶτος
1313 1528 1374 1616 ἔφη

144 1629 202 1698 δύο
230 1629 345 1715 λόγους
374 1636 458 1699 εἶναι
485 1640 558 1721 περὶ
585 1630 706 1707 παντὸς
733 1630 926 1719 πράγματος
949 1629 1189 1718 ἀντικειμένους
1210 1632 1374 1722 δλλήλοιςι

145 1739 303 1805 Secuntur
337 1741 437 1822 uota,
473 1741 550 1806 libri
585 1739 626 1806 ob
660 1759 756 1823 quem
790 1740 940 1822 expulsus
976 1746 1026 1807 est
1056 1743 1200 1825 idithun,
1237 1744 1374 1826 denique

143 1847 290 1929 invente,
326 1849 442 1930 quibus
477 1847 557 1912 haec
585 1847 773 1913 immiscuit:
809 1848 864 1911 ami
890 1849 949 1933 τὴν
976 1846 1133 1915 διάνοιαν
1154 1847 1260 1936 ἐφεὶς
1294 1849 1375 1937 πρὸς

143 1954 288 2039 τοῦνομα
311 1955 462 2042 διελέχθη
486 1961 540 2020 καὶ
567 1956 609 2019 τὸ
638 1955 709 2020 νῦν
736 1953 985 2030 ἐπιπολάζον
1012 1958 1104 2034 γένος
1127 1957 1190 2024 τῶν
1212 1957 1374 2044 ἐριστικῶν

143 2059 306 2148 ἐγέννησε·
330 2070 386 2127 ἵνα
410 2063 465 2126 καὶ
491 2067 602 2147 Τίμων
625 2062 702 2148 φησὶ
725 2069 799 2149 περὶ
822 2058 940 2128 αὐτοῦ·

188 2167 415 2257 ίΠρωταγόρης
437 2173 463 2234 τ’
486 2169 651 2255 ἐπλμικτος
673 2169 856 2256 ἐριζέμεναι
877 2167 912 2236 εὖ
936 2167 1053 2244 ελδώέ·

267 2277 322 2341 καὶ
337 2283 470 2364 ’πρῶτος
492 2277 652 2356 κατέδειξε
674 2275 730 2352 τὰς
753 2276 833 2363 πρὸς
856 2275 913 2352 τὰς
942 2280 1052 2352 θέσεις
1080 2275 1302 2362 ἐπιχειρήσεις,
1334 2277 1377 2354 ὥς

145 2403 244 2470 φησιν
260 2380 543 2472 Ἀρτεμίδωρος
566 2382 584 2448 ὁ
609 2383 810 2460 διαλεκτικός
832 2385 897 2450 κτλ.
936 2385 1001 2450 Ubi
1024 2401 1144 2466 quaeso
1168 2385 1289 2452 dietum
1312 2390 1373 2468 este

143 2492 303 2560 Fauorino
327 2493 438 2559 deberi
461 2492 613 2560 inventa?
658 2491 741 2556 Nem
773 2493 858 2574 quod
888 2493 1007 2559 citetur
1029 2493 1063 2558 in
1086 2493 1193 2573 initio,
1224 2493 1305 2558 nihil
1332 2495 1374 2560 ad

143 2597 273 2689 rcm⁶¹l5
315 2599 445 2666 Corruit
466 2599 567 2680 igitur
588 2617 686 2681 quem
710 2618 749 2664 ex
773 2599 914 2665 Timonis
938 2599 1191 2664 etArtemidori
1214 2601 1374 2666 dialectici

143 2707 307 2774 mentione
331 2708 372 2773 de
396 2707 537 2772 auctoris
561 2711 707 2788 tempore
729 2705 807 2772 fecit
831 2707 1024 2787 coniectura,
1050 2707 1172 2772 corruit
1191 2707 1374 2774 Nietzschei

143 2815 259 2884 horum
289 2815 459 2881 verborum
494 2819 549 2877 καὶ
582 2815 618 2878 τὸ
655 2816 714 2880 νῦν
749 2813 951 2890 ἐπιπολάζον
985 2817 1076 2893 γένος
1109 2821 1176 2879 τοῖν
1209 2814 1373 2900 ἐριστικῶν

144 2922 314 3008 ἐγέννησεν
341 2922 578 3004 interpretatio.
629 2921 762 2988 Eristici
791 2923 876 2988 euim
910 2938 974 2987 non
1003 2921 1107 2989 solum
1135 2921 1372 3007 philosophiam

144 3034 316 3111 vexarunt,
341 3048 451 3095 verum
476 3029 517 3094 ad
541 3028 687 3094 rhetores
711 3034 745 3094 et
769 3029 946 3111 sophistes,
970 3029 1157 3094 Hadrianea
1180 3031 1372 3111 praesertim

144 3141 263 3218 aetite,
287 3136 461 3219 propagati
484 3141 568 3202 sunt.
609 3136 731 3219 Sponte
747 3136 826 3202 haec
843 3142 1046 3216 evanescunt,
1071 3137 1226 3219 quidquid
1241 3137 1372 3202 molitur

143 3245 357 3312 adversarius.
384 3281 422 3292 -
455 3242 649 3312 uomitemur
678 3249 955 3326 argumentantem
983 3263 1013 3326 p.
1032 3245 1095 3308 651
1128 3249 1196 3327 sqq.
1252 3243 1373 3331 ‘Atqm'c

141 3350 241 3416 atram
264 3373 307 3416 ex
322 3349 462 3424 rotrone,
486 3372 555 3436 quo
576 3356 727 3437 excerpto
746 3349 904 3418 Gelle'omo
927 3348 1017 3416 reor
1038 3371 1072 3416 se
1092 3349 1273 3437 excaprent,
1297 3373 1372 3416 com-

142 3457 319 3544 legemem
363 3463 427 3531 est,
474 3458 748 3544 homonymorum
789 3457 934 3532 c'mda'ces,
975 3457 1156 3524 Homerico
1202 3457 1372 3546 ζητήματα,

142 3565 321 3632 αοαιιαααι
343 3563 543 3632 mutationes
565 3587 636 3631 mom
649 3564 770 3650 fursee
791 3563 881 3630 ιάίεκ
901 3587 936 3630 ει
957 3564 1067 3632 memte
1089 3571 1122 3631 ot
1140 3567 1292 3652 confuso,
1317 3567 1376 3632 sed

143 3675 314 3760 aequalem
336 3680 464 3760 sempor
485 3671 663 3738 macerem
687 3695 756 3738 ααο
778 3673 845 3740 loco
860 3673 1058 3738 certioratum
1068 3672 1198 3758 fursee.
1236 3675 1372 3757 Atquin

143 3782 307 3863 disparem
323 3780 550 3864 confusamque
566 3782 736 3848 materiem
750 3782 821 3864 ipse
844 3781 1044 3863 disposuisse
1059 3781 1183 3848 Gellius
1196 3781 1372 3847 censendus

143 3891 215 3954 est?
252 3889 411 3954 Neutrum
434 3907 493 3970 per
517 3907 552 3954 se
576 3890 705 3956 certius.
733 3929 769 3938 —
795 3889 864 3954 Iam
887 3893 1048 3971 quattuor,
1064 3893 1176 3976 partes
1193 3889 1371 3969 constituit,

143 3995 216 4080 περὶ
239 3994 440 4082 εὑρημάτων·
464 4002 538 4083 περὶ
560 3993 757 4078 ὁμωνύμων·
776 3994 936 4082 Ὁμηρικοὶ
966 3992 1140 4082 ζήτηματα·
1164 3992 1373 4080 γεωγραφού-

141 4125 235 4186 pera.
275 4103 416 4213 Quorum
439 4104 611 4188 unicuique
632 4121 690 4176 sex
713 4103 828 4170 tribuit
852 4103 952 4170 libros
978 4103 1114 4186 Sopatro
1138 4101 1240 4168 fretus
1264 4101 1370 4186 [Phot

144 4219 357 4231 ——ss

215 4260 252 4331 ⁵²)
274 4259 351 4316 Serio
374 4261 428 4315 hoc
450 4261 643 4316 Nietzscheum
668 4261 826 4330 credidisse,
852 4259 1027 4330 incredibile;
1051 4267 1081 4315 et
1102 4258 1219 4315 credidit
1237 4259 1285 4331 [ct
1304 4275 1373 4315 mus.

144 4351 221 4404 rhen.
246 4349 339 4406 XXIV
361 4367 387 4420 p.
413 4351 485 4423 18η.
530 4349 591 4421 Ego
617 4365 661 4407 me
688 4352 760 4406 inter
788 4367 835 4406 eos
862 4351 953 4406 refero
982 4350 1031 4418 qui
1054 4349 1104 4405 teli
1132 4350 1236 4404 citandi
1263 4349 1371 4405 ratione

142 4441 302 4495 nesciunt
320 4441 466 4510 quicquam
485 4441 648 4497 concludere
667 4457 684 4497 e
701 4439 867 4497 Nietzscheo
883 4441 988 4496 irrisos.

1173 4530 1208 4585 4*
