3420 5408
343 655 507 726 Apuleius
822 705 828 724 ,
987 654 1147 710 Laertius

135 778 253 844 Meme
273 774 373 841 etiam
396 773 460 861 qui
482 773 577 860 apud
595 771 722 838 Atticas
777 779 830 838 καὶ
856 777 978 857 γίνεται
1007 771 1160 856 Πλάτων,
1192 770 1234 848 ὥς
1263 791 1361 860 φησιν

140 882 344 969 Thargetiore
381 880 509 948 dicitur
541 885 643 946 reatus
676 885 724 945 est
769 877 1068 969 Ἀπολλόδωρος
1090 878 1130 946 ἐν
1152 885 1362 967 Χρονικοῖς

133 990 189 1056 die
222 1013 289 1077 qua
315 991 409 1077 apud
434 989 562 1056 Delam
591 987 721 1052 Latona
777 984 876 1078 ὀγδόη
892 989 946 1052 καὶ
962 984 1151 1076 ὀγδοηκύστη
1164 983 1361 1073 Ὀλυμπιάδι

129 1099 256 1185 fertur
283 1095 473 1184 Apollinem
503 1094 723 1182 Dianamque
778 1096 1005 1183 Θαργηλιῶνος
1039 1092 1175 1184 ἑβδόμη,
1208 1099 1287 1160 καθ’
1321 1091 1361 1179 ἢν

131 1204 304 1292 peperisse.
330 1256 381 1274 ...
776 1203 891 1289 Δήλιοι
913 1200 973 1270 etr
990 1198 1185 1272 Ἀπόλλωνα
1202 1207 1361 1285 γενέσθαι

776 1316 893 1397 φασίν·

134 1415 312 1485 Samariam
353 1417 453 1482 etiam
491 1415 624 1484 Socrati
658 1415 720 1482 sci·
775 1419 866 1486 1115
896 1419 1024 1497 λέγεται
1053 1419 1085 1484 δ’
1112 1414 1162 1486 ὅτι
1192 1415 1362 1505 Σωκράτης

133 1531 208 1590 tara
220 1524 360 1610 ferant.
399 1523 493 1590 Nara
514 1522 636 1589 ve'etikse
657 1523 724 1590 sibi
775 1526 858 1612 ὄναρ
881 1526 947 1592 etde
963 1522 1077 1592 κύκνου
1093 1522 1225 1592 νεοττὸν
1240 1525 1277 1592 ἐν
1296 1537 1362 1601 τοῖς

136 1633 181 1717 [p.
208 1633 263 1717 64]
285 1631 381 1696 ae'sus
402 1637 451 1696 est
470 1631 575 1718 cygni
581 1632 720 1719 pallam
774 1631 911 1714 γόνασιν
927 1632 1017 1714 ἔχων,
1036 1629 1077 1700 ὃν
1091 1634 1146 1698 καλ
1162 1630 1362 1720 παραχρῆμα

133 1761 178 1826 eee
210 1737 319 1804 altari
348 1740 438 1824 qaod
468 1737 507 1804 ire
540 1737 721 1804 Academia
774 1737 1045 1828 πτεροφυήσαντα
1078 1737 1267 1827 ἀναπτῆναι
1300 1735 1361 1825 ἡδύ

136 1843 304 1932 Cupidini
334 1850 556 1910 consecratum
589 1850 638 1910 est
667 1866 721 1910 ao·
776 1847 963 1928 κλάγξαντα
1008 1848 1063 1912 καὶ
1109 1850 1193 1932 μεθ’
1238 1844 1362 1933 ἡμέραν

134 1953 220 2017 lasse
252 1957 284 2017 et
309 1951 347 2017 ire
375 1951 449 2017 eius
478 1951 612 2038 gremio
639 1975 721 2019 rese·
778 1955 940 2021 Πλάτωνα
974 1950 1062 2044 αύτῷ
1099 1958 1268 2041 συστῆναι·
1302 1952 1362 2021 τὸν

134 2057 222 2124 disse
258 2064 290 2124 et
320 2064 433 2145 pastea
467 2059 588 2126 alerem
621 2059 721 2128 illam
775 2063 811 2129 δὲ
830 2063 943 2129 τοῦτον
959 2065 1064 2129 εἰπεῖν
1079 2065 1164 2130 εἶναι
1179 2063 1238 2129 τὸν
1258 2063 1360 2150 ὄρνιν·

128 2165 255 2252 permis
290 2166 414 2232 coelam
446 2164 567 2253 petisse
603 2189 722 2234 canere

134 2271 262 2337 musica
290 2272 430 2339 auditus
451 2274 627 2340 teamireum
650 2277 721 2340 a'ea·

133 2399 278 2466 rumque
306 2380 510 2446 mulcentem.
557 2384 640 2448 Cam
663 2384 722 2447 leae

134 2485 283 2553 Socrates
302 2485 341 2551 ire
361 2494 523 2553 conventu
545 2487 721 2554 λιπαίνων

134 2593 286 2679 referret,
311 2593 429 2659 Ariste
448 2596 621 2661 Platonem
638 2604 722 2683 pae-

135 2720 215 2782 rum
246 2700 419 2766 oblaturas
449 2701 583 2768 Sacrati
613 2703 722 2791 magi·

133 2810 203 2870 stro
251 2809 414 2872 cammada
452 2811 720 2896 prosequebatur.

137 2913 244 2998 Quem
274 2913 334 2978 abi
357 2913 512 3002 adspexit
542 2915 600 2981 itte
627 2915 721 3003 inge·

134 3017 298 3105 aramque
320 3019 480 3086 intimam
503 3023 542 3087 de
558 3022 722 3089 exteriore

133 3125 328 3212 areepicatus
370 3127 465 3212 [corr.
502 3128 538 3194 Ο.
574 3130 719 3198 Jahnius.

136 3234 360 3316 ‘conspicatus'
402 3235 507 3320 coda]
546 3241 595 3302 est
624 3237 723 3321 facie

136 3338 202 3406 ‘hie
228 3338 286 3406 itte
313 3346 400 3416 erat,
435 3340 559 3416 amici,
596 3342 719 3430 aequa

137 3448 187 3512 ‘de
197 3446 377 3512 Academia
386 3447 721 3536 Capietireiseygnas'.

134 3555 177 3620 Π.
216 3556 276 3620 Ex
335 3553 452 3621 iisdem
510 3555 723 3643 genetorebus
776 3553 831 3636 §4
856 3551 927 3636 ἔσχε
949 3553 983 3618 δ’
1006 3551 1169 3638 ἀδελφούς
1188 3546 1361 3636 Ἀδείμαν-

138 3661 290 3728 Gtaacus
311 3668 343 3728 et
365 3662 574 3729 Aderaantas
595 3663 630 3729 ei
636 3665 722 3751 sra·
776 3682 833 3728 τον
856 3660 910 3724 καλ
935 3656 1109 3726 Γλαύκωνα
1132 3658 1186 3723 καλ
1214 3656 1361 3745 ἀδελφὴν

134 3774 203 3835 tres
222 3769 388 3855 fueruat,
427 3772 570 3836 docteres
606 3771 725 3837 leatait
779 3764 940 3854 Ποτάνην,
964 3767 999 3846 ἐξ
1020 3762 1057 3853 ἧς
1079 3763 1121 3854 ἦν
1140 3765 1359 3840 Σπεύσιππος·

136 3875 177 3941 ire
208 3875 325 3963 pre'ma
362 3876 554 3944 litteratura
590 3878 721 3966 Diony·
775 3874 830 3939 καὶ
867 3873 1049 3960 ἐπαιδεύθη
1087 3877 1148 3958 μὲν
1184 3871 1361 3961 γράμματα

135 3981 227 4048 σίτων
256 3991 295 4048 at
326 3983 366 4048 ire
393 3985 564 4071 palaestra
591 3985 722 4052 Ariste-
775 3979 868 4070 παρά
893 3984 1072 4069 Διονυσίῳ,
1102 3975 1142 4048 ού
1164 3980 1219 4046 καλ
1241 4004 1361 4067 μνημο-

136 4111 211 4155 reem
237 4089 348 4176 Argis
375 4090 571 4168 errandum,
601 4099 722 4159 tantas·
775 4088 859 4158 νεύει
890 4089 931 4156 ἐν
952 4098 1037 4166 τοῖς
1060 4085 1359 4174 Ἀντερασταῖς·

136 4218 200 4284 que
232 4199 652 4284 progressas'exercetatia
690 4199 725 4266 ei
776 4197 977 4283 ἐγυμνάσατο
1012 4194 1050 4260 a
1083 4196 1160 4283 παρ’
1194 4191 1361 4282 Ἀρίστωνι

136 4303 285 4378 contulit,
316 4311 357 4370 ut
376 4298 504 4392 Pythia
530 4311 562 4371 et
581 4305 722 4372 Isthmia
775 4311 820 4393 τῷ
835 4300 968 4392 ’Λργελῳ
989 4302 1222 4394 παλαιστῇκ..
1248 4303 1307 4367 etat
1324 4303 1360 4368 δ’

136 4411 177 4476 de
203 4411 291 4476 lucta
329 4411 512 4479 certaverit.
563 4411 723 4478 Pe'eteerae
777 4418 812 4478 at
837 4416 892 4476 καὶ
925 4411 1090 4476 παλαῖσαί
1124 4425 1227 4497 φασιν
1260 4403 1366 4504 αύτύνἱ
