<?xml version="1.0" encoding="UTF-8"?>
<!DOCTYPE html PUBLIC "-//W3C//DTD XHTML 1.0 Transitional//EN"
    "http://www.w3.org/TR/xhtml1/DTD/xhtml1-transitional.dtd">
<html xmlns="http://www.w3.org/1999/xhtml" xml:lang="en" lang="en">
 <head>
  <title>
</title>
<meta http-equiv="Content-Type" content="text/html;charset=utf-8" />
  <meta name='ocr-system' content='tesseract 3.04.00' />
  <meta name='ocr-capabilities' content='ocr_page ocr_carea ocr_par ocr_line ocrx_word'/>
</head>
<body>
  <div class='ocr_page' id='page_1' title='image "./debiographisgra01maasgoog_0143.png"; bbox 0 0 3432 5400; ppageno 0'>
   <div class='ocr_carea' id='block_1_1' title="bbox 338 494 401 560">
    <p class='ocr_par' dir='ltr' id='par_1_1' title="bbox 338 494 401 560">
     <span class='ocr_line' id='line_1_1' title="bbox 338 494 401 560; baseline 0 -1"><span class='ocrx_word' id='word_1_1' title='bbox 338 494 401 560; x_wconf 88' lang='lat'><strong><em>138</em></strong></span> 
     </span>
    </p>
   </div>
   <div class='ocr_carea' id='block_1_2' title="bbox 335 669 1560 1720">
    <p class='ocr_par' dir='ltr' id='par_1_2' title="bbox 335 669 1560 1720">
     <span class='ocr_line' id='line_1_2' title="bbox 337 669 1560 760; baseline -0.001 -21"><span class='ocrx_word' id='word_1_2' title='bbox 337 672 458 756; x_wconf 84' lang='lat' dir='ltr'><strong>Gryph.</strong></span> <span class='ocrx_word' id='word_1_3' title='bbox 491 673 575 738; x_wconf 88' lang='lat'>1869</span> <span class='ocrx_word' id='word_1_4' title='bbox 613 669 666 760; x_wconf 89' lang='lat' dir='ltr'><strong>[ci.</strong></span> <span class='ocrx_word' id='word_1_5' title='bbox 696 673 858 754; x_wconf 78' lang='lat' dir='ltr'><strong>Riperum</strong></span> <span class='ocrx_word' id='word_1_6' title='bbox 892 669 1004 753; x_wconf 87' lang='lat' dir='ltr'><strong>philol.</strong></span> <span class='ocrx_word' id='word_1_7' title='bbox 1033 671 1184 754; x_wconf 81' lang='lat' dir='ltr'>anzeiger</span> <span class='ocrx_word' id='word_1_8' title='bbox 1217 671 1307 754; x_wconf 89' lang='lat' dir='ltr'><strong><em>le.</em></strong></span> <span class='ocrx_word' id='word_1_9' title='bbox 1334 671 1435 738; x_wconf 78' lang='grc'><strong>1411</strong></span> <span class='ocrx_word' id='word_1_10' title='bbox 1466 671 1560 740; x_wconf 84' lang='lat' dir='ltr'><strong>Gom·</strong></span> 
     </span>
     <span class='ocr_line' id='line_1_3' title="bbox 335 777 1559 864; baseline 0.001 -19"><span class='ocrx_word' id='word_1_11' title='bbox 335 780 479 864; x_wconf 88' lang='lat' dir='ltr'><strong>perzium</strong></span> <span class='ocrx_word' id='word_1_12' title='bbox 498 779 568 846; x_wconf 85' lang='lat' dir='ltr'><strong>Jen.</strong></span> <span class='ocrx_word' id='word_1_13' title='bbox 593 779 678 845; x_wconf 87' lang='lat' dir='ltr'><strong>liter.</strong></span> <span class='ocrx_word' id='word_1_14' title='bbox 703 779 833 862; x_wconf 86' lang='lat' dir='ltr'><strong>zeitung</strong></span> <span class='ocrx_word' id='word_1_15' title='bbox 858 779 943 844; x_wconf 82' lang='lat'>1875</span> <span class='ocrx_word' id='word_1_16' title='bbox 967 798 998 862; x_wconf 87' lang='lat' dir='ltr'><strong><em>p.</em></strong></span> <span class='ocrx_word' id='word_1_17' title='bbox 1018 779 1081 845; x_wconf 83' lang='grc'><strong><em>603</em></strong></span> <span class='ocrx_word' id='word_1_18' title='bbox 1104 777 1142 864; x_wconf 81' lang='lat' dir='ltr'><strong><em>d]</em></strong></span> <span class='ocrx_word' id='word_1_19' title='bbox 1165 779 1218 846; x_wconf 87' lang='lat' dir='ltr'><strong><em>hic</em></strong></span> <span class='ocrx_word' id='word_1_20' title='bbox 1241 799 1262 844; x_wconf 89' lang='lat' dir='ltr'><strong>a</strong></span> <span class='ocrx_word' id='word_1_21' title='bbox 1285 778 1505 863; x_wconf 82' lang='lat' dir='ltr'><strong>Comparettio</strong></span> <span class='ocrx_word' id='word_1_22' title='bbox 1527 781 1559 846; x_wconf 91' lang='lat' dir='ltr'><strong><em>in</em></strong></span> 
     </span>
     <span class='ocr_line' id='line_1_4' title="bbox 335 885 1559 972; baseline 0.001 -19"><span class='ocrx_word' id='word_1_23' title='bbox 335 888 450 954; x_wconf 84' lang='lat' dir='ltr'><strong>rivista</strong></span> <span class='ocrx_word' id='word_1_24' title='bbox 472 887 506 953; x_wconf 95' lang='lat' dir='ltr'><strong><em>di</em></strong></span> <span class='ocrx_word' id='word_1_25' title='bbox 528 885 671 968; x_wconf 85' lang='lat' dir='ltr'><strong>filologia</strong></span> <span class='ocrx_word' id='word_1_26' title='bbox 696 887 781 952; x_wconf 82' lang='grc'><strong>1875</strong></span> <span class='ocrx_word' id='word_1_27' title='bbox 804 906 836 970; x_wconf 87' lang='lat' dir='ltr'><strong><em>p.</em></strong></span> <span class='ocrx_word' id='word_1_28' title='bbox 861 888 926 951; x_wconf 80' lang='lat'><strong><em>449</em></strong></span> <span class='ocrx_word' id='word_1_29' title='bbox 950 905 1019 970; x_wconf 88' lang='lat' dir='ltr'><strong>sqq.</strong></span> <span class='ocrx_word' id='word_1_30' title='bbox 1066 887 1104 952; x_wconf 95' lang='lat' dir='ltr'><strong><em>In</em></strong></span> <span class='ocrx_word' id='word_1_31' title='bbox 1126 887 1391 954; x_wconf 76' lang='lat' dir='ltr'><strong>Academicorum</strong></span> <span class='ocrx_word' id='word_1_32' title='bbox 1414 888 1559 972; x_wconf 85' lang='lat' dir='ltr'><strong>catalogo</strong></span> 
     </span>
     <span class='ocr_line' id='line_1_5' title="bbox 337 993 1560 1079; baseline 0.002 -19"><span class='ocrx_word' id='word_1_33' title='bbox 337 994 518 1077; x_wconf 82' lang='lat' dir='ltr'><strong>fragmenta</strong></span> <span class='ocrx_word' id='word_1_34' title='bbox 545 994 681 1059; x_wconf 87' lang='lat' dir='ltr'><strong>metrica</strong></span> <span class='ocrx_word' id='word_1_35' title='bbox 709 1011 749 1058; x_wconf 83' lang='lat' dir='ltr'><strong><em>ex</em></strong></span> <span class='ocrx_word' id='word_1_36' title='bbox 771 993 960 1076; x_wconf 86' lang='lat' dir='ltr'><strong>Apollodori</strong></span> <span class='ocrx_word' id='word_1_37' title='bbox 991 993 1149 1061; x_wconf 83' lang='lat' dir='ltr'><strong>chronicis</strong></span> <span class='ocrx_word' id='word_1_38' title='bbox 1179 996 1350 1079; x_wconf 85' lang='lat' dir='ltr'><strong>desumpta</strong></span> <span class='ocrx_word' id='word_1_39' title='bbox 1377 994 1560 1063; x_wconf 84' lang='lat' dir='ltr'><strong>felicissime</strong></span> 
     </span>
     <span class='ocr_line' id='line_1_6' title="bbox 338 1101 1559 1185; baseline 0.002 -17"><span class='ocrx_word' id='word_1_40' title='bbox 338 1104 425 1168; x_wconf 83' lang='lat' dir='ltr'><strong>eruit</strong></span> <span class='ocrx_word' id='word_1_41' title='bbox 446 1102 604 1183; x_wconf 80' lang='lat' dir='ltr'><strong>Ropems,</strong></span> <span class='ocrx_word' id='word_1_42' title='bbox 628 1101 717 1168; x_wconf 85' lang='lat' dir='ltr'><strong>velut</strong></span> <span class='ocrx_word' id='word_1_43' title='bbox 740 1101 799 1167; x_wconf 88' lang='lat' dir='ltr'><strong>ool.</strong></span> <span class='ocrx_word' id='word_1_44' title='bbox 816 1101 1102 1183; x_wconf 83' lang='lat' dir='ltr'>XXVII—XXXI,</span> <span class='ocrx_word' id='word_1_45' title='bbox 1127 1121 1209 1185; x_wconf 86' lang='lat' dir='ltr'><strong>quae</strong></span> <span class='ocrx_word' id='word_1_46' title='bbox 1231 1107 1340 1170; x_wconf 88' lang='lat' dir='ltr'><strong>tamen</strong></span> <span class='ocrx_word' id='word_1_47' title='bbox 1364 1105 1559 1172; x_wconf 87' lang='lat' dir='ltr'><strong>solummodo</strong></span> 
     </span>
     <span class='ocr_line' id='line_1_7' title="bbox 336 1208 1559 1297; baseline 0.002 -22"><span class='ocrx_word' id='word_1_48' title='bbox 336 1210 378 1275; x_wconf 90' lang='lat' dir='ltr'><strong><em>ad</em></strong></span> <span class='ocrx_word' id='word_1_49' title='bbox 410 1209 629 1274; x_wconf 82' lang='lat' dir='ltr'><strong>successiones</strong></span> <span class='ocrx_word' id='word_1_50' title='bbox 659 1209 832 1290; x_wconf 86' lang='lat' dir='ltr'><strong>pertinent.</strong></span> <span class='ocrx_word' id='word_1_51' title='bbox 880 1209 969 1288; x_wconf 86' lang='lat' dir='ltr'><strong>Quae</strong></span> <span class='ocrx_word' id='word_1_52' title='bbox 1000 1208 1039 1274; x_wconf 92' lang='lat' dir='ltr'><strong><em>de</em></strong></span> <span class='ocrx_word' id='word_1_53' title='bbox 1067 1227 1288 1277; x_wconf 86' lang='lat' dir='ltr'><strong>successorum</strong></span> <span class='ocrx_word' id='word_1_54' title='bbox 1310 1212 1379 1278; x_wconf 84' lang='lat' dir='ltr'><strong>vita</strong></span> <span class='ocrx_word' id='word_1_55' title='bbox 1401 1211 1559 1297; x_wconf 81' lang='lat' dir='ltr'><strong>rebusque</strong></span> 
     </span>
     <span class='ocr_line' id='line_1_8' title="bbox 336 1315 1557 1403; baseline 0.003 -22"><span class='ocrx_word' id='word_1_56' title='bbox 336 1321 529 1381; x_wconf 89' lang='lat' dir='ltr'><strong>enarrantur</strong></span> <span class='ocrx_word' id='word_1_57' title='bbox 560 1316 698 1381; x_wconf 87' lang='lat' dir='ltr'><strong>alterum</strong></span> <span class='ocrx_word' id='word_1_58' title='bbox 725 1316 874 1383; x_wconf 80' lang='lat' dir='ltr'><strong>redolent</strong></span> <span class='ocrx_word' id='word_1_59' title='bbox 901 1315 1024 1382; x_wconf 87' lang='lat' dir='ltr'><strong>fontem</strong></span> <span class='ocrx_word' id='word_1_60' title='bbox 1053 1317 1151 1383; x_wconf 88' lang='lat' dir='ltr'><strong>etiam</strong></span> <span class='ocrx_word' id='word_1_61' title='bbox 1179 1319 1218 1384; x_wconf 95' lang='lat' dir='ltr'><strong><em>de</em></strong></span> <span class='ocrx_word' id='word_1_62' title='bbox 1241 1321 1362 1403; x_wconf 84' lang='lat' dir='ltr'><strong>Ro&#39;peri</strong></span> <span class='ocrx_word' id='word_1_63' title='bbox 1389 1320 1557 1386; x_wconf 85' lang='lat' dir='ltr'><strong>sententia</strong></span> 
     </span>
     <span class='ocr_line' id='line_1_9' title="bbox 335 1421 1560 1505; baseline 0.003 -16"><span class='ocrx_word' id='word_1_64' title='bbox 335 1424 411 1489; x_wconf 86' lang='lat' dir='ltr'><strong>Fuit</strong></span> <span class='ocrx_word' id='word_1_65' title='bbox 442 1441 512 1488; x_wconf 90' lang='lat' dir='ltr'><strong><em>cum</em></strong></span> <span class='ocrx_word' id='word_1_66' title='bbox 536 1421 746 1487; x_wconf 87' lang='lat' dir='ltr'><strong>Nietzscheus</strong></span> <span class='ocrx_word' id='word_1_67' title='bbox 774 1426 909 1505; x_wconf 85' lang='lat' dir='ltr'><strong>propter</strong></span> <span class='ocrx_word' id='word_1_68' title='bbox 937 1421 1062 1489; x_wconf 84' lang='lat' dir='ltr'><strong>Laertii</strong></span> <span class='ocrx_word' id='word_1_69' title='bbox 1091 1425 1333 1492; x_wconf 87' lang='lat' dir='ltr'><strong>similitudinem</strong></span> <span class='ocrx_word' id='word_1_70' title='bbox 1361 1426 1560 1493; x_wconf 87' lang='lat' dir='ltr'><strong>Demetrium</strong></span> 
     </span>
     <span class='ocr_line' id='line_1_10' title="bbox 335 1528 1558 1613; baseline 0.004 -18"><span class='ocrx_word' id='word_1_71' title='bbox 335 1531 520 1612; x_wconf 84' lang='lat' dir='ltr'><strong>Magnetem</strong></span> <span class='ocrx_word' id='word_1_72' title='bbox 543 1528 722 1596; x_wconf 91' lang='lat' dir='ltr'><strong>Philodemi</strong></span> <span class='ocrx_word' id='word_1_73' title='bbox 750 1535 915 1596; x_wconf 83' lang='lat' dir='ltr'><strong>auctorem</strong></span> <span class='ocrx_word' id='word_1_74' title='bbox 939 1534 1006 1596; x_wconf 84' lang='lat' dir='ltr'><strong>stat</strong></span> <span class='ocrx_word' id='word_1_75' title='bbox 1030 1531 1065 1613; x_wconf 79' lang='lat' dir='ltr'><strong><em>t,</em></strong></span> <span class='ocrx_word' id='word_1_76' title='bbox 1090 1537 1125 1599; x_wconf 88' lang='lat' dir='ltr'><strong><em>at</em></strong></span> <span class='ocrx_word' id='word_1_77' title='bbox 1148 1534 1218 1600; x_wconf 87' lang='lat' dir='ltr'><strong>sine</strong></span> <span class='ocrx_word' id='word_1_78' title='bbox 1241 1553 1348 1602; x_wconf 87' lang='lat' dir='ltr'><strong>causa.</strong></span> <span class='ocrx_word' id='word_1_79' title='bbox 1395 1535 1471 1602; x_wconf 85' lang='lat' dir='ltr'><strong><em>Mox</em></strong></span> <span class='ocrx_word' id='word_1_80' title='bbox 1492 1553 1558 1602; x_wconf 87' lang='lat' dir='ltr'><strong><em>rem</em></strong></span> 
     </span>
     <span class='ocr_line' id='line_1_11' title="bbox 336 1637 1012 1720; baseline 0.001 -18"><span class='ocrx_word' id='word_1_81' title='bbox 336 1637 453 1704; x_wconf 87' lang='lat' dir='ltr'><strong>iterum</strong></span> <span class='ocrx_word' id='word_1_82' title='bbox 476 1655 669 1720; x_wconf 84' lang='lat' dir='ltr'><strong>perpensam</strong></span> <span class='ocrx_word' id='word_1_83' title='bbox 691 1638 725 1703; x_wconf 94' lang='lat' dir='ltr'><strong><em>in</em></strong></span> <span class='ocrx_word' id='word_1_84' title='bbox 749 1637 845 1704; x_wconf 92' lang='lat' dir='ltr'><strong>dubio</strong></span> <span class='ocrx_word' id='word_1_85' title='bbox 869 1637 1012 1720; x_wconf 89' lang='lat' dir='ltr'><strong>reliquit.</strong></span> 
     </span>
    </p>
   </div>
   <div class='ocr_carea' id='block_1_3' title="bbox 426 1779 1074 1863">
    <p class='ocr_par' dir='ltr' id='par_1_3' title="bbox 426 1779 1074 1863">
     <span class='ocr_line' id='line_1_12' title="bbox 426 1779 1074 1863; baseline 0 -15"><span class='ocrx_word' id='word_1_86' title='bbox 426 1779 625 1863; x_wconf 80' lang='lat' dir='ltr'><strong>Comparabo</strong></span> <span class='ocrx_word' id='word_1_87' title='bbox 648 1781 802 1848; x_wconf 89' lang='lat' dir='ltr'><strong>nonnulla</strong></span> <span class='ocrx_word' id='word_1_88' title='bbox 824 1781 865 1848; x_wconf 94' lang='lat' dir='ltr'><strong><em>de</em></strong></span> <span class='ocrx_word' id='word_1_89' title='bbox 887 1781 1074 1848; x_wconf 91' lang='lat' dir='ltr'><strong>Polemone:</strong></span> 
     </span>
    </p>
   </div>
   <div class='ocr_carea' id='block_1_4' title="bbox 484 1922 1392 2006">
    <p class='ocr_par' dir='ltr' id='par_1_4' title="bbox 484 1922 1392 2006">
     <span class='ocr_line' id='line_1_13' title="bbox 484 1922 1392 2006; baseline 0.002 -28"><span class='ocrx_word' id='word_1_90' title='bbox 484 1922 541 1978; x_wconf 82' lang='lat' dir='ltr'><strong>Col.</strong></span> <span class='ocrx_word' id='word_1_91' title='bbox 559 1922 627 1978; x_wconf 87' lang='lat' dir='ltr'><strong>XlII</strong></span> <span class='ocrx_word' id='word_1_92' title='bbox 645 1923 773 1980; x_wconf 84' lang='lat' dir='ltr'><strong>3-XIV.</strong></span> <span class='ocrx_word' id='word_1_93' title='bbox 947 1925 950 2006; x_wconf 81' lang='grc' dir='ltr'>Ι</span> <span class='ocrx_word' id='word_1_94' title='bbox 1144 1924 1273 1981; x_wconf 76' lang='lat' dir='ltr'><strong>Laertius</strong></span> <span class='ocrx_word' id='word_1_95' title='bbox 1289 1925 1330 1982; x_wconf 85' lang='lat' dir='ltr'><strong><em>IV</em></strong></span> <span class='ocrx_word' id='word_1_96' title='bbox 1351 1927 1392 1981; x_wconf 92' lang='grc'><strong><em>17.</em></strong></span> 
     </span>
    </p>
   </div>
   <div class='ocr_carea' id='block_1_5' title="bbox 332 2031 1402 2760">
    <p class='ocr_par' dir='ltr' id='par_1_5' title="bbox 336 2031 923 2123">
     <span class='ocr_line' id='line_1_14' title="bbox 336 2031 923 2123; baseline -0.003 -23"><span class='ocrx_word' id='word_1_97' title='bbox 336 2045 450 2123; x_wconf 75' lang='grc' dir='ltr'><strong><em>φαγεῖν</em></strong></span> <span class='ocrx_word' id='word_1_98' title='bbox 473 2032 513 2099; x_wconf 79' lang='grc' dir='ltr'><strong><em>δὲ</em></strong></span> <span class='ocrx_word' id='word_1_99' title='bbox 535 2033 627 2119; x_wconf 76' lang='grc' dir='ltr'><strong><em>δίκην</em></strong></span> <span class='ocrx_word' id='word_1_100' title='bbox 649 2031 788 2120; x_wconf 71' lang='grc' dir='ltr'><strong><em>αἰσχρὰν</em></strong></span> <span class='ocrx_word' id='word_1_101' title='bbox 815 2033 923 2098; x_wconf 73' lang='grc' dir='ltr'><strong><em>κακοί-</em></strong></span> 
     </span>
    </p>

    <p class='ocr_par' dir='ltr' id='par_1_6' title="bbox 335 2137 923 2228">
     <span class='ocr_line' id='line_1_15' title="bbox 335 2137 923 2228; baseline -0.01 -19"><span class='ocrx_word' id='word_1_102' title='bbox 335 2161 414 2218; x_wconf 85' lang='grc' dir='ltr'><strong><em>σεως</em></strong></span> <span class='ocrx_word' id='word_1_103' title='bbox 427 2140 491 2208; x_wconf 74' lang='grc' dir='ltr'><strong><em>ὑπὸ</em></strong></span> <span class='ocrx_word' id='word_1_104' title='bbox 508 2146 562 2228; x_wconf 80' lang='grc' dir='ltr'><strong><em>τῆς</em></strong></span> <span class='ocrx_word' id='word_1_105' title='bbox 575 2139 740 2221; x_wconf 82' lang='grc' dir='ltr'><strong><em>γυναικός·</em></strong></span> <span class='ocrx_word' id='word_1_106' title='bbox 757 2143 843 2208; x_wconf 69' lang='grc' dir='ltr'><strong><em>εἶναι</em></strong></span> <span class='ocrx_word' id='word_1_107' title='bbox 857 2137 923 2227; x_wconf 82' lang='grc' dir='ltr'><strong><em>γιὶρ</em></strong></span> 
     </span>
    </p>

    <p class='ocr_par' dir='ltr' id='par_1_7' title="bbox 336 2247 1402 2446">
     <span class='ocr_line' id='line_1_16' title="bbox 337 2247 1402 2336; baseline 0 -22"><span class='ocrx_word' id='word_1_108' title='bbox 337 2247 523 2336; x_wconf 74' lang='grc' dir='ltr'><strong><em>φιλόπαιδα</em></strong></span> <span class='ocrx_word' id='word_1_109' title='bbox 546 2254 601 2313; x_wconf 75' lang='grc' dir='ltr'><strong><em>καὶ</em></strong></span> <span class='ocrx_word' id='word_1_110' title='bbox 615 2248 842 2334; x_wconf 81' lang='grc' dir='ltr'><strong><em>παντοδαπόν,</em></strong></span> <span class='ocrx_word' id='word_1_111' title='bbox 866 2254 923 2314; x_wconf 72' lang='grc' dir='ltr'><strong><em>ἵνα</em></strong></span> <span class='ocrx_word' id='word_1_112' title='bbox 976 2249 1202 2331; x_wconf 84' lang='lat' dir='ltr'><strong>Antigonus</strong></span> <span class='ocrx_word' id='word_1_113' title='bbox 1226 2247 1277 2333; x_wconf 79' lang='grc' dir='ltr'><strong><em>[ἐν</em></strong></span> <span class='ocrx_word' id='word_1_114' title='bbox 1298 2248 1402 2333; x_wconf 65' lang='lat' dir='ltr'><strong>diosc}</strong></span> 
     </span>
     <span class='ocr_line' id='line_1_17' title="bbox 336 2353 920 2446; baseline -0.007 -24"><span class='ocrx_word' id='word_1_115' title='bbox 336 2359 379 2446; x_wconf 74' lang='grc' dir='ltr'><strong><em>τῷ</em></strong></span> <span class='ocrx_word' id='word_1_116' title='bbox 407 2353 643 2443; x_wconf 82' lang='grc' dir='ltr'><strong><em>συναντήσαντι</em></strong></span> <span class='ocrx_word' id='word_1_117' title='bbox 670 2357 817 2442; x_wconf 80' lang='grc' dir='ltr'><strong><em>χρῆσθαι</em></strong></span> <span class='ocrx_word' id='word_1_118' title='bbox 845 2378 920 2443; x_wconf 78' lang='grc' dir='ltr'><strong><em>προ·</em></strong></span> 
     </span>
    </p>

    <p class='ocr_par' dir='ltr' id='par_1_8' title="bbox 332 2460 922 2550">
     <span class='ocr_line' id='line_1_18' title="bbox 332 2460 922 2550; baseline -0.003 -22"><span class='ocrx_word' id='word_1_119' title='bbox 332 2467 442 2550; x_wconf 77' lang='grc' dir='ltr'><strong><em>χοίρως</em></strong></span> <span class='ocrx_word' id='word_1_120' title='bbox 465 2462 534 2550; x_wconf 79' lang='grc' dir='ltr'><strong><em>ἔχχ·</em></strong></span> <span class='ocrx_word' id='word_1_121' title='bbox 567 2466 729 2550; x_wconf 74' lang='grc' dir='ltr'><strong><em>θηραθεὶς</em></strong></span> <span class='ocrx_word' id='word_1_122' title='bbox 742 2460 805 2528; x_wconf 78' lang='grc' dir='ltr'><strong><em>ὑπὸ</em></strong></span> <span class='ocrx_word' id='word_1_123' title='bbox 821 2462 922 2531; x_wconf 83' lang='grc' dir='ltr'><strong><em>Ξενο-</em></strong></span> 
     </span>
    </p>

    <p class='ocr_par' dir='ltr' id='par_1_9' title="bbox 334 2564 922 2656">
     <span class='ocr_line' id='line_1_19' title="bbox 334 2564 922 2656; baseline -0.003 -22"><span class='ocrx_word' id='word_1_124' title='bbox 334 2567 469 2656; x_wconf 78' lang='grc' dir='ltr'><strong><em>κράτους</em></strong></span> <span class='ocrx_word' id='word_1_125' title='bbox 519 2569 574 2632; x_wconf 73' lang='lat' dir='ltr'><strong><em>nai</em></strong></span> <span class='ocrx_word' id='word_1_126' title='bbox 628 2565 791 2651; x_wconf 77' lang='grc' dir='ltr'><strong><em>σχολάσας</em></strong></span> <span class='ocrx_word' id='word_1_127' title='bbox 835 2564 922 2654; x_wconf 75' lang='grc' dir='ltr'><strong><em>αὐτῷ</em></strong></span> 
     </span>
    </p>

    <p class='ocr_par' dir='ltr' id='par_1_10' title="bbox 333 2670 1068 2760">
     <span class='ocr_line' id='line_1_20' title="bbox 333 2670 1068 2760; baseline 0.001 -20"><span class='ocrx_word' id='word_1_128' title='bbox 333 2678 466 2742; x_wconf 83' lang='grc' dir='ltr'><strong><em>τοσοῦτο</em></strong></span> <span class='ocrx_word' id='word_1_129' title='bbox 480 2670 661 2760; x_wconf 77' lang='grc' dir='ltr'><strong><em>μετήλλαξε</em></strong></span> <span class='ocrx_word' id='word_1_130' title='bbox 675 2673 756 2738; x_wconf 73' lang='grc' dir='ltr'><strong><em>κατα</em></strong></span> <span class='ocrx_word' id='word_1_131' title='bbox 777 2673 833 2740; x_wconf 83' lang='grc' dir='ltr'><strong><em>τὸν</em></strong></span> <span class='ocrx_word' id='word_1_132' title='bbox 848 2679 922 2757; x_wconf 73' lang='grc' dir='ltr'><strong><em>βίον</em></strong></span> <span class='ocrx_word' id='word_1_133' title='bbox 974 2676 1068 2742; x_wconf 87' lang='lat' dir='ltr'><strong>idem.</strong></span> 
     </span>
    </p>
   </div>
   <div class='ocr_carea' id='block_1_6' title="bbox 333 2779 1557 3082">
    <p class='ocr_par' dir='ltr' id='par_1_11' title="bbox 333 2779 1557 3082">
     <span class='ocr_line' id='line_1_21' title="bbox 333 2779 920 2870; baseline -0.003 -22"><span class='ocrx_word' id='word_1_134' title='bbox 333 2781 415 2848; x_wconf 82' lang='grc' dir='ltr'><strong><em>ὥστε</em></strong></span> <span class='ocrx_word' id='word_1_135' title='bbox 441 2784 602 2870; x_wconf 80' lang='grc' dir='ltr'><strong><em>μηδέποτε</em></strong></span> <span class='ocrx_word' id='word_1_136' title='bbox 628 2780 687 2869; x_wconf 75' lang='grc' dir='ltr'><strong><em>τὴν</em></strong></span> <span class='ocrx_word' id='word_1_137' title='bbox 713 2782 770 2850; x_wconf 80' lang='grc' dir='ltr'><strong><em>τοῦ</em></strong></span> <span class='ocrx_word' id='word_1_138' title='bbox 793 2779 920 2870; x_wconf 78' lang='grc' dir='ltr'><strong><em>προσω-</em></strong></span> 
     </span>
     <span class='ocr_line' id='line_1_22' title="bbox 333 2886 1557 2977; baseline -0.002 -23"><span class='ocrx_word' id='word_1_139' title='bbox 333 2913 400 2956; x_wconf 88' lang='grc' dir='ltr'><strong><em>που</em></strong></span> <span class='ocrx_word' id='word_1_140' title='bbox 424 2892 611 2977; x_wconf 79' lang='grc' dir='ltr'><strong><em>φαντασίαν</em></strong></span> <span class='ocrx_word' id='word_1_141' title='bbox 973 2890 1088 2963; x_wconf 83' lang='grc' dir='ltr'><strong><em>κονὸς</em></strong></span> <span class='ocrx_word' id='word_1_142' title='bbox 1125 2887 1197 2975; x_wconf 79' lang='grc' dir='ltr'><strong><em>γὰρ</em></strong></span> <span class='ocrx_word' id='word_1_143' title='bbox 1235 2886 1452 2964; x_wconf 79' lang='grc' dir='ltr'><strong><em>λυττῶντος</em></strong></span> <span class='ocrx_word' id='word_1_144' title='bbox 1497 2888 1557 2953; x_wconf 79' lang='grc' dir='ltr'><strong><em>καὶ</em></strong></span> 
     </span>
     <span class='ocr_line' id='line_1_23' title="bbox 664 2992 1556 3082; baseline 0.002 -21"><span class='ocrx_word' id='word_1_145' title='bbox 664 3007 666 3010; x_wconf 82' lang='grc'><strong>’</strong></span> <span class='ocrx_word' id='word_1_146' title='bbox 973 2992 1446 3082; x_wconf 77' lang='grc' dir='ltr'><strong><em>τὴνλγνύανδιασπάσαντος</em></strong></span> <span class='ocrx_word' id='word_1_147' title='bbox 1455 2994 1556 3081; x_wconf 85' lang='grc' dir='ltr'><strong><em>μόνον</em></strong></span> 
     </span>
    </p>
   </div>
   <div class='ocr_carea' id='block_1_7' title="bbox 332 3101 1627 4156">
    <p class='ocr_par' dir='ltr' id='par_1_12' title="bbox 336 3101 1370 3189">
     <span class='ocr_line' id='line_1_24' title="bbox 336 3101 1370 3189; baseline -0.004 -19"><span class='ocrx_word' id='word_1_148' title='bbox 336 3101 472 3184; x_wconf 79' lang='grc' dir='ltr'><strong><em>ἰγνύαν</em></strong></span> <span class='ocrx_word' id='word_1_149' title='bbox 494 3103 565 3169; x_wconf 88' lang='grc' dir='ltr'><strong><em>λοτ</em></strong></span> <span class='ocrx_word' id='word_1_150' title='bbox 972 3101 1017 3188; x_wconf 68' lang='grc' dir='ltr'><strong><em>μή</em></strong></span> <span class='ocrx_word' id='word_1_151' title='bbox 1042 3102 1227 3189; x_wconf 69' lang='grc' dir='ltr'><strong><em>οἶχριοῖσθαι</em></strong></span> <span class='ocrx_word' id='word_1_152' title='bbox 1249 3102 1315 3168; x_wconf 82' lang='grc' dir='ltr'><strong><em>κτλ.</em></strong></span> <span class='ocrx_word' id='word_1_153' title='bbox 1368 3135 1370 3140; x_wconf 95' lang='grc'><strong><em>·</em></strong></span> 
     </span>
    </p>

    <p class='ocr_par' dir='ltr' id='par_1_13' title="bbox 332 3207 1559 3299">
     <span class='ocr_line' id='line_1_25' title="bbox 332 3207 1559 3299; baseline -0.002 -21"><span class='ocrx_word' id='word_1_154' title='bbox 332 3213 407 3287; x_wconf 83' lang='grc' dir='ltr'><strong><em>τούς</em></strong></span> <span class='ocrx_word' id='word_1_155' title='bbox 426 3211 590 3287; x_wconf 75' lang='grc' dir='ltr'><strong><em>ἐναντίους</em></strong></span> <span class='ocrx_word' id='word_1_156' title='bbox 614 3207 698 3297; x_wconf 75' lang='grc' dir='ltr'><strong><em>ὁρῶν</em></strong></span> <span class='ocrx_word' id='word_1_157' title='bbox 721 3212 919 3299; x_wconf 74' lang='grc' dir='ltr'><strong><em>κρατοῦντας</em></strong></span> <span class='ocrx_word' id='word_1_158' title='bbox 972 3209 1030 3274; x_wconf 77' lang='grc' dir='ltr'><strong><em>καὶ</em></strong></span> <span class='ocrx_word' id='word_1_159' title='bbox 1056 3208 1197 3297; x_wconf 75' lang='grc' dir='ltr'><strong><em>ταραχῆς</em></strong></span> <span class='ocrx_word' id='word_1_160' title='bbox 1224 3213 1394 3296; x_wconf 79' lang='grc' dir='ltr'><strong><em>γενομένης</em></strong></span> <span class='ocrx_word' id='word_1_161' title='bbox 1423 3209 1479 3275; x_wconf 72' lang='grc' dir='ltr'><strong><em>ε’πῐ</em></strong></span> <span class='ocrx_word' id='word_1_162' title='bbox 1504 3210 1559 3297; x_wconf 81' lang='grc' dir='ltr'><strong><em>τῆς</em></strong></span> 
     </span>
    </p>

    <p class='ocr_par' dir='ltr' id='par_1_14' title="bbox 333 3311 1627 3403">
     <span class='ocr_line' id='line_1_26' title="bbox 333 3311 1627 3403; baseline -0.001 -19"><span class='ocrx_word' id='word_1_163' title='bbox 333 3319 368 3386; x_wconf 84' lang='grc' dir='ltr'><strong><em>ἔν</em></strong></span> <span class='ocrx_word' id='word_1_164' title='bbox 404 3340 440 3383; x_wconf 89' lang='grc' dir='ltr'><strong><em>τε</em></strong></span> <span class='ocrx_word' id='word_1_165' title='bbox 474 3328 543 3394; x_wconf 80' lang='grc' dir='ltr'><strong><em>τοῖς</em></strong></span> <span class='ocrx_word' id='word_1_166' title='bbox 579 3316 736 3403; x_wconf 75' lang='grc' dir='ltr'><strong><em>θεάτροις</em></strong></span> <span class='ocrx_word' id='word_1_167' title='bbox 774 3317 919 3395; x_wconf 75' lang='grc' dir='ltr'><strong><em>ἀπαθῶς</em></strong></span> <span class='ocrx_word' id='word_1_168' title='bbox 972 3317 1097 3392; x_wconf 81' lang='grc' dir='ltr'><strong><em>πόλεως</em></strong></span> <span class='ocrx_word' id='word_1_169' title='bbox 1123 3320 1325 3400; x_wconf 80' lang='grc' dir='ltr'><strong><em>πυθομένων</em></strong></span> <span class='ocrx_word' id='word_1_170' title='bbox 1354 3315 1390 3382; x_wconf 84' lang='grc' dir='ltr'><strong><em>τὸ</em></strong></span> <span class='ocrx_word' id='word_1_171' title='bbox 1424 3314 1558 3398; x_wconf 80' lang='grc' dir='ltr'><strong><em>γεγονὸς</em></strong></span> <span class='ocrx_word' id='word_1_172' title='bbox 1624 3311 1627 3316; x_wconf 68' lang='grc'>’</span> 
     </span>
    </p>

    <p class='ocr_par' dir='ltr' id='par_1_15' title="bbox 332 3422 1558 3515">
     <span class='ocr_line' id='line_1_27' title="bbox 332 3422 1558 3515; baseline -0.002 -23"><span class='ocrx_word' id='word_1_173' title='bbox 332 3427 485 3494; x_wconf 74' lang='grc' dir='ltr'><strong><em>θεᾶσθαι</em></strong></span> <span class='ocrx_word' id='word_1_174' title='bbox 508 3427 576 3494; x_wconf 69' lang='grc' dir='ltr'><strong><em>τοῖν</em></strong></span> <span class='ocrx_word' id='word_1_175' title='bbox 598 3427 710 3493; x_wconf 87' lang='grc' dir='ltr'><strong><em>ἄλλων</em></strong></span> <span class='ocrx_word' id='word_1_176' title='bbox 731 3444 918 3515; x_wconf 85' lang='grc' dir='ltr'><strong><em>σοναττοφε-</em></strong></span> <span class='ocrx_word' id='word_1_177' title='bbox 973 3426 1130 3512; x_wconf 83' lang='grc' dir='ltr'><strong><em>ἄτρεπτον</em></strong></span> <span class='ocrx_word' id='word_1_178' title='bbox 1152 3431 1278 3509; x_wconf 75' lang='grc' dir='ltr'><strong><em>μελναι·</em></strong></span> <span class='ocrx_word' id='word_1_179' title='bbox 1302 3422 1337 3489; x_wconf 79' lang='grc' dir='ltr'><strong><em>ἔν</em></strong></span> <span class='ocrx_word' id='word_1_180' title='bbox 1360 3448 1395 3489; x_wconf 89' lang='grc' dir='ltr'><strong><em>τε</em></strong></span> <span class='ocrx_word' id='word_1_181' title='bbox 1415 3435 1482 3500; x_wconf 75' lang='grc' dir='ltr'><strong><em>τοϊς</em></strong></span> <span class='ocrx_word' id='word_1_182' title='bbox 1501 3428 1558 3490; x_wconf 84' lang='grc' dir='ltr'><strong><em>θε-</em></strong></span> 
     </span>
    </p>

    <p class='ocr_par' dir='ltr' id='par_1_16' title="bbox 332 3526 1464 3623">
     <span class='ocr_line' id='line_1_28' title="bbox 332 3526 1464 3623; baseline -0.003 -23"><span class='ocrx_word' id='word_1_183' title='bbox 332 3537 476 3623; x_wconf 83' lang='grc' dir='ltr'><strong><em>ρομένων</em></strong></span> <span class='ocrx_word' id='word_1_184' title='bbox 498 3542 565 3610; x_wconf 73' lang='grc' dir='ltr'><strong><em>τοϊς</em></strong></span> <span class='ocrx_word' id='word_1_185' title='bbox 586 3537 775 3622; x_wconf 71' lang='grc' dir='ltr'><strong><em>εἰρημένοις.</em></strong></span> <span class='ocrx_word' id='word_1_186' title='bbox 972 3527 1079 3618; x_wconf 78' lang='grc' dir='ltr'><strong><em>ἄτροις</em></strong></span> <span class='ocrx_word' id='word_1_187' title='bbox 1102 3526 1395 3614; x_wconf 75' lang='grc' dir='ltr'><strong><em>ἀσυμπαθέστατος</em></strong></span> <span class='ocrx_word' id='word_1_188' title='bbox 1415 3526 1464 3615; x_wconf 78' lang='grc' dir='ltr'><strong><em>ἦν.</em></strong></span> 
     </span>
    </p>

    <p class='ocr_par' dir='ltr' id='par_1_17' title="bbox 332 3625 1558 3731">
     <span class='ocr_line' id='line_1_29' title="bbox 332 3625 1558 3731; baseline 0 -26"><span class='ocrx_word' id='word_1_189' title='bbox 332 3642 388 3706; x_wconf 80' lang='grc' dir='ltr'><strong><em>καὶ</em></strong></span> <span class='ocrx_word' id='word_1_190' title='bbox 409 3639 607 3729; x_wconf 80' lang='grc' dir='ltr'><strong><em>σκληρότητα</em></strong></span> <span class='ocrx_word' id='word_1_191' title='bbox 628 3653 773 3731; x_wconf 76' lang='grc' dir='ltr'><strong><em>γραφαῖς</em></strong></span> <span class='ocrx_word' id='word_1_192' title='bbox 800 3642 918 3730; x_wconf 79' lang='grc' dir='ltr'><strong><em>ε’μφαλ-</em></strong></span> <span class='ocrx_word' id='word_1_193' title='bbox 972 3641 991 3724; x_wconf 79' lang='lat'>§</span> <span class='ocrx_word' id='word_1_194' title='bbox 1010 3641 1050 3706; x_wconf 88' lang='lat'><strong><em>18</em></strong></span> <span class='ocrx_word' id='word_1_195' title='bbox 1074 3643 1130 3703; x_wconf 79' lang='grc' dir='ltr'><strong><em>καὶ</em></strong></span> <span class='ocrx_word' id='word_1_196' title='bbox 1152 3635 1236 3714; x_wconf 86' lang='grc' dir='ltr'><strong><em>ὅλως</em></strong></span> <span class='ocrx_word' id='word_1_197' title='bbox 1250 3632 1291 3723; x_wconf 79' lang='grc' dir='ltr'><strong><em>ἦν</em></strong></span> <span class='ocrx_word' id='word_1_198' title='bbox 1306 3636 1449 3713; x_wconf 80' lang='grc' dir='ltr'><strong><em>τοιοῦτος</em></strong></span> <span class='ocrx_word' id='word_1_199' title='bbox 1473 3625 1558 3705; x_wconf 82' lang='grc' dir='ltr'><strong><em>οἷόν</em></strong></span> 
     </span>
    </p>

    <p class='ocr_par' dir='ltr' id='par_1_18' title="bbox 333 3743 1627 4156">
     <span class='ocr_line' id='line_1_30' title="bbox 333 3743 1559 3833; baseline -0.004 -19"><span class='ocrx_word' id='word_1_200' title='bbox 333 3771 497 3815; x_wconf 88' lang='grc' dir='ltr'><strong><em>νων....</em></strong></span> <span class='ocrx_word' id='word_1_201' title='bbox 973 3763 1065 3833; x_wconf 79' lang='grc' dir='ltr'><strong><em>φησι</em></strong></span> <span class='ocrx_word' id='word_1_202' title='bbox 1109 3743 1344 3819; x_wconf 78' lang='grc' dir='ltr'><strong><em>Μελάνθιος</em></strong></span> <span class='ocrx_word' id='word_1_203' title='bbox 1393 3743 1434 3809; x_wconf 77' lang='grc' dir='ltr'><strong><em>ἐν</em></strong></span> <span class='ocrx_word' id='word_1_204' title='bbox 1479 3757 1559 3821; x_wconf 80' lang='grc' dir='ltr'><strong><em>τοϊς</em></strong></span> 
     </span>
     <span class='ocr_line' id='line_1_31' title="bbox 972 3848 1557 3938; baseline -0.003 -21"><span class='ocrx_word' id='word_1_205' title='bbox 972 3858 1062 3938; x_wconf 76' lang='grc' dir='ltr'><strong><em>περὶ</em></strong></span> <span class='ocrx_word' id='word_1_206' title='bbox 1096 3848 1357 3938; x_wconf 83' lang='grc' dir='ltr'><strong><em>ζωγραφικῆς·</em></strong></span> <span class='ocrx_word' id='word_1_207' title='bbox 1387 3850 1466 3936; x_wconf 74' lang='grc' dir='ltr'><strong><em>φησὶ</em></strong></span> <span class='ocrx_word' id='word_1_208' title='bbox 1494 3848 1557 3937; x_wconf 74' lang='grc' dir='ltr'><strong><em>γὰρ</em></strong></span> 
     </span>
     <span class='ocr_line' id='line_1_32' title="bbox 973 3955 1556 4044; baseline -0.003 -20"><span class='ocrx_word' id='word_1_209' title='bbox 973 3959 1043 4026; x_wconf 71' lang='grc' dir='ltr'><strong><em>δεῖν</em></strong></span> <span class='ocrx_word' id='word_1_210' title='bbox 1065 3955 1255 4026; x_wconf 74' lang='grc' dir='ltr'><strong><em>αὐθάδειάν</em></strong></span> <span class='ocrx_word' id='word_1_211' title='bbox 1283 3980 1357 4022; x_wconf 87' lang='grc' dir='ltr'><strong><em>τινα</em></strong></span> <span class='ocrx_word' id='word_1_212' title='bbox 1384 3961 1439 4021; x_wconf 68' lang='grc' dir='ltr'><strong><em>καὶ</em></strong></span> <span class='ocrx_word' id='word_1_213' title='bbox 1469 3959 1556 4044; x_wconf 77' lang='grc' dir='ltr'><strong><em>σκλη-</em></strong></span> 
     </span>
     <span class='ocr_line' id='line_1_33' title="bbox 972 4064 1627 4156; baseline -0.008 -22"><span class='ocrx_word' id='word_1_214' title='bbox 972 4066 1086 4156; x_wconf 83' lang='grc' dir='ltr'><strong><em>ρότητα</em></strong></span> <span class='ocrx_word' id='word_1_215' title='bbox 1101 4077 1168 4142; x_wconf 73' lang='grc' dir='ltr'><strong><em>τοῖς</em></strong></span> <span class='ocrx_word' id='word_1_216' title='bbox 1183 4065 1287 4156; x_wconf 85' lang='grc' dir='ltr'><strong><em>ἔργοις</em></strong></span> <span class='ocrx_word' id='word_1_217' title='bbox 1301 4064 1480 4152; x_wconf 77' lang='grc' dir='ltr'><strong><em>ἐπιτρέχειν</em></strong></span> <span class='ocrx_word' id='word_1_218' title='bbox 1493 4066 1553 4132; x_wconf 81' lang='grc' dir='ltr'><strong><em>κτλ.</em></strong></span> <span class='ocrx_word' id='word_1_219' title='bbox 1624 4127 1627 4136; x_wconf 87' lang='grc'><strong><em>,</em></strong></span> 
     </span>
    </p>
   </div>
   <div class='ocr_carea' id='block_1_8' title="bbox 332 4211 1554 4510">
    <p class='ocr_par' dir='ltr' id='par_1_19' title="bbox 332 4211 1554 4510">
     <span class='ocr_line' id='line_1_34' title="bbox 420 4211 1554 4294; baseline -0.002 -16"><span class='ocrx_word' id='word_1_220' title='bbox 420 4213 566 4280; x_wconf 87' lang='lat' dir='ltr'><strong>Incertus</strong></span> <span class='ocrx_word' id='word_1_221' title='bbox 603 4212 729 4279; x_wconf 89' lang='lat' dir='ltr'><strong>haesito</strong></span> <span class='ocrx_word' id='word_1_222' title='bbox 768 4212 802 4278; x_wconf 94' lang='lat' dir='ltr'><strong><em>in</em></strong></span> <span class='ocrx_word' id='word_1_223' title='bbox 840 4217 933 4280; x_wconf 89' lang='lat' dir='ltr'><strong>tanta</strong></span> <span class='ocrx_word' id='word_1_224' title='bbox 972 4212 1183 4279; x_wconf 84' lang='lat' dir='ltr'><strong>similitudine</strong></span> <span class='ocrx_word' id='word_1_225' title='bbox 1220 4230 1285 4278; x_wconf 91' lang='lat' dir='ltr'><strong><em>non</em></strong></span> <span class='ocrx_word' id='word_1_226' title='bbox 1322 4211 1427 4276; x_wconf 90' lang='lat' dir='ltr'><strong>minus</strong></span> <span class='ocrx_word' id='word_1_227' title='bbox 1462 4229 1554 4294; x_wconf 87' lang='lat' dir='ltr'><strong>quam</strong></span> 
     </span>
     <span class='ocr_line' id='line_1_35' title="bbox 332 4318 1554 4404; baseline -0.002 -18"><span class='ocrx_word' id='word_1_228' title='bbox 332 4321 538 4387; x_wconf 83' lang='lat' dir='ltr'><strong>Biichelerus</strong></span> <span class='ocrx_word' id='word_1_229' title='bbox 580 4320 692 4404; x_wconf 89' lang='lat' dir='ltr'><strong>Neque</strong></span> <span class='ocrx_word' id='word_1_230' title='bbox 716 4321 800 4387; x_wconf 89' lang='lat' dir='ltr'><strong>enim</strong></span> <span class='ocrx_word' id='word_1_231' title='bbox 823 4321 864 4387; x_wconf 93' lang='lat' dir='ltr'><strong><em>iis</em></strong></span> <span class='ocrx_word' id='word_1_232' title='bbox 887 4326 998 4404; x_wconf 84' lang='lat' dir='ltr'><strong>potest</strong></span> <span class='ocrx_word' id='word_1_233' title='bbox 1020 4321 1167 4404; x_wconf 86' lang='lat' dir='ltr'><strong>quaestio</strong></span> <span class='ocrx_word' id='word_1_234' title='bbox 1191 4319 1272 4386; x_wconf 83' lang='lat' dir='ltr'><strong>solvi</strong></span> <span class='ocrx_word' id='word_1_235' title='bbox 1296 4337 1378 4402; x_wconf 89' lang='lat' dir='ltr'><strong>quae</strong></span> <span class='ocrx_word' id='word_1_236' title='bbox 1393 4318 1554 4401; x_wconf 87' lang='lat' dir='ltr'><strong>hucusque</strong></span> 
     </span>
     <span class='ocr_line' id='line_1_36' title="bbox 332 4426 1553 4510; baseline -0.002 -17"><span class='ocrx_word' id='word_1_237' title='bbox 332 4428 576 4510; x_wconf 84' lang='lat' dir='ltr'><strong>disputavimus.</strong></span> <span class='ocrx_word' id='word_1_238' title='bbox 603 4465 645 4476; x_wconf 89' lang='lat'>-</span> <span class='ocrx_word' id='word_1_239' title='bbox 669 4429 758 4496; x_wconf 92' lang='lat' dir='ltr'><strong>Idem</strong></span> <span class='ocrx_word' id='word_1_240' title='bbox 784 4430 819 4495; x_wconf 90' lang='lat' dir='ltr'><strong><em>in</em></strong></span> <span class='ocrx_word' id='word_1_241' title='bbox 843 4430 1023 4496; x_wconf 86' lang='lat' dir='ltr'><strong>Stoicorum</strong></span> <span class='ocrx_word' id='word_1_242' title='bbox 1047 4427 1133 4495; x_wconf 86' lang='lat' dir='ltr'><strong>cadit</strong></span> <span class='ocrx_word' id='word_1_243' title='bbox 1154 4427 1302 4509; x_wconf 90' lang='lat' dir='ltr'><strong>indicem,</strong></span> <span class='ocrx_word' id='word_1_244' title='bbox 1326 4426 1381 4493; x_wconf 94' lang='lat' dir='ltr'><strong><em>ubi</em></strong></span> <span class='ocrx_word' id='word_1_245' title='bbox 1406 4431 1440 4492; x_wconf 85' lang='lat' dir='ltr'><strong><em>et</em></strong></span> <span class='ocrx_word' id='word_1_246' title='bbox 1461 4427 1553 4492; x_wconf 91' lang='lat' dir='ltr'><strong>Her-</strong></span> 
     </span>
    </p>
   </div>
   <div class='ocr_carea' id='block_1_9' title="bbox 0 0 1720 5400">
    <p class='ocr_par' dir='ltr' id='par_1_20' title="bbox 0 0 1720 5400">
     <span class='ocr_line' id='line_1_37' title="bbox 0 0 1720 5400; baseline 0 0"><span class='ocrx_word' id='word_1_247' title='bbox 0 0 1720 5400; x_wconf 95' lang='lat' dir='ltr'><strong><em> </em></strong></span> 
     </span>
    </p>
   </div>
  </div>
 </body>
</html>
