3420 5408
343 395 386 464 58

342 573 510 656 quisquam
533 571 684 640 haereret
710 571 835 640 addidit
860 571 1062 660 Περίανδρος
1084 571 1185 658 σοφὸς
1207 570 1269 656 μὲν
1296 570 1336 659 ἢν
1357 573 1426 656 μετ’
1451 567 1573 653 ὀλίγων

341 677 497 766 τύραννος
525 680 561 746 δὲ
588 680 671 766 μετὰ
701 679 851 748 πολλῶν·
881 675 1088 765 ἀμφότερα
1123 679 1165 744 δὲ
1193 685 1261 744 καὶ
1288 678 1478 767 τύραννος
1505 681 1573 744 καὶ
1669 691 1670 710 l

342 785 468 873 σοφὸς
489 785 619 870 μόνος.
660 789 782 854 haertii
806 791 919 855 auctor
942 807 1012 854 cnm
1035 788 1120 854 idem
1144 787 1317 856 defenditl
1340 790 1382 854 98
1406 808 1474 872 sqq.
1500 793 1573 857 tum

342 896 483 962 omnium
506 901 665 979 quotquot
686 896 842 962 extabant
864 897 1005 978 conlegit
1028 897 1214 964 testimonia
1228 897 1370 964 Sotionis
1385 897 1571 963 Heraclidis

341 1007 455 1073 Lembi
482 1002 759 1088 Pamphilae⁶³)
783 1004 941 1070 Neanthis
964 1005 1151 1072 Aristotelis
1175 1005 1334 1072 Platonis:
1365 1010 1458 1087 patet
1484 1023 1571 1070 nunc

261 1195 268 1204 Ι
341 1115 375 1182 ni
397 1113 492 1180 iallor
515 1113 704 1184 concordiae
727 1113 827 1196 origo.

559 1379 620 1448 IV.
657 1379 709 1446 lle
731 1377 902 1447 Favorini
926 1379 1012 1446 ritis
1035 1377 1345 1465 philosophorum.

431 1541 554 1609 Novam
576 1547 703 1608 tuemur
726 1541 930 1621 sententiam,
954 1540 1217 1624 homonymorum
1241 1542 1406 1624 catalogos
1421 1542 1569 1608 Laertia·
1669 1533 1670 1536 ’

342 1669 401 1718 nos
425 1669 463 1716 ex
491 1649 660 1731 omnigena
689 1648 825 1714 historia
848 1648 999 1715 Favorini
1023 1649 1185 1714 derivatos
1210 1667 1289 1716 esse.
1329 1649 1373 1716 Et
1395 1650 1475 1715 haec
1498 1651 1569 1733 qui-

343 1759 414 1826 dem
438 1757 616 1839 disputatio
640 1762 711 1822 erat
734 1755 842 1822 hercle
864 1755 1038 1822 moliminis
1061 1755 1179 1838 magni,
1204 1754 1239 1822 bt
1261 1775 1325 1822 non
1348 1758 1493 1839 periculi.
1528 1759 1568 1824 In

342 1885 381 1934 eo
405 1871 512 1932 tamen
541 1865 627 1932 haud
656 1865 921 1948 acquiescendum
949 1863 1013 1930 rati
1044 1864 1086 1928 ad
1108 1863 1271 1930 Laertiani
1305 1865 1413 1947 operis
1441 1883 1569 1947 compo-

342 1974 492 2040 sitionem
520 1973 734 2055 indagandam
769 1977 803 2038 et
837 1972 994 2054 originem
1021 1989 1081 2038 nos
1116 1971 1324 2038 conferemus.
1373 1973 1493 2052 Quodsi
1520 1974 1568 2038 ita

341 2081 420 2147 mihi
445 2082 591 2162 cesserit,
620 2086 656 2146 ut
679 2079 776 2147 fidem
799 2080 917 2146 iudicio
940 2097 1011 2146 meo
1036 2079 1125 2146 dicar
1149 2080 1351 2162 conciliasse,
1382 2097 1460 2147 sane
1488 2081 1569 2146 mihi

342 2189 494 2271 gratuler.
543 2188 653 2271 Neque
683 2189 768 2253 enim
795 2187 957 2253 hominem
988 2186 1147 2270 quendam
1172 2204 1211 2252 ex
1233 2187 1373 2254 iniustae
1396 2189 1567 2255 oblivionis

342 2297 479 2378 arigim
503 2295 639 2362 reddere
662 2295 791 2361 debitae
814 2294 888 2377 luci,
919 2295 1004 2378 quod
1027 2313 1178 2377 magnum
1206 2300 1265 2376 est,
1290 2295 1489 2362 solummodo
1512 2315 1568 2362 vo-

340 2403 456 2484 lebam,
481 2421 602 2484 veram,
627 2403 713 2485 quod
735 2403 849 2484 maius,
881 2403 962 2469 artis
986 2406 1117 2468 nostrae
1140 2407 1266 2485 partem
1294 2403 1435 2485 turpiter
1458 2403 1567 2470 deser-

341 2516 409 2580 tam
433 2511 633 2594 aliquantum
657 2511 810 2578 adiuvare
834 2515 905 2578 erat
928 2511 961 2578 in
984 2511 1078 2576 votis.
1476 2519 1478 2526 ⁴

430 2618 581 2685 Favorini
611 2619 812 2699 omnigenam
839 2617 1009 2684 historiam
1039 2618 1105 2684 dixi
1133 2617 1230 2684 vicies
1260 2636 1279 2684 a
1302 2617 1433 2684 Laertio
1462 2620 1566 2686 citari.

342 2725 488 2792 Sedecim
510 2726 557 2791 illi
580 2743 661 2809 quos
684 2726 717 2790 in
741 2725 900 2791 indicibus
923 2725 1186 2808 homonymorum
1215 2725 1384 2806 usurpavit
1407 2731 1508 2792 testes
1532 2729 1566 2792 in

342 2834 459 2901 ceteris
482 2834 607 2900 Laertii
634 2833 726 2900 libris
756 2837 927 2898 occurrunt
955 2833 1074 2914 partim
1102 2831 1288 2915 frequentes
1315 2833 1461 2900 nonnulli
1488 2835 1564 2900 rari.

343 2942 470 3023 Omnes
495 2943 631 3024 inquies,
649 2941 677 3007 si
692 2940 874 3008 Nietzschei
890 2941 1136 3022 argumentandi
1151 2941 1309 3006 rationem
1326 2941 1566 3026 adprobaueris

341 3050 499 3116 Favorino
527 3049 710 3115 vindicandi
738 3053 829 3114 sunt:
873 3047 936 3116 Sed
968 3067 1009 3114 ne
1038 3048 1173 3114 calidius
1203 3048 1464 3130 progrediamur,
1494 3069 1567 3131 per-

341 3158 450 3239 magni
466 3159 603 3224 interest
618 3159 703 3222 inter
720 3162 868 3223 auctores
887 3157 984 3238 vulgo
1003 3156 1189 3222 notissimos
1208 3160 1241 3222 et
1258 3156 1286 3220 si
1302 3156 1356 3238 qui
1372 3174 1392 3220 a
1408 3158 1567 3222 commum

342 3265 524 3347 cognitione
558 3265 721 3331 recedunt.
782 3264 821 3330 In
850 3264 1030 3347 volgarium
1057 3282 1225 3329 numerum
1255 3282 1294 3329 ex
1324 3263 1484 3330 indicibus
1513 3265 1565 3350 [cf.

343 3392 441 3456 supra
468 3393 499 3455 p.
525 3373 581 3457 45]
611 3372 803 3440 conveniunt
828 3372 1000 3438 Simonidis
1030 3377 1064 3438 et
1093 3371 1280 3438 Callimachi
1310 3372 1563 3454 ‘epigrammata’

342 3481 538 3546 Aristotelis
557 3481 733 3548 ‘rhetorum
760 3481 909 3563 epitoma’
936 3479 1090 3562 Antigoni
1119 3479 1222 3545 ‘vitae’
1249 3479 1436 3561 Apollodori
1465 3480 1566 3546 ‘chro-

341 3589 435 3656 nica'.
482 3589 603 3657 Contra
631 3590 814 3655 Aristoxeni
843 3589 920 3654 ‘vita
946 3589 1101 3654 Platonis’
1132 3587 1196 3672 [bis
1226 3587 1263 3653 cf.
1288 3608 1319 3670 p.
1345 3587 1411 3671 45],
1441 3587 1566 3683 Eudoxi

343 3701 406 3782 *γῆς
429 3698 586 3785 περίοδος’
612 3697 690 3783 [ter]
716 3697 903 3780 Euphorion
927 3697 1052 3783 [semel]
1075 3697 1248 3778 Hipponax
1271 3695 1348 3780 [bis]
1373 3695 1564 3763 Menodotus

348 3975 350 3980 ¹
413 3910 450 3981 63)
467 3910 635 3982 Pamphilam
654 3912 807 3966 Favorinus
826 3911 908 3965 etiam
927 3911 992 3968 alibi
1017 3909 1113 3966 citarit
1136 3909 1171 3964 cf.
1188 3926 1215 3980 p.
1228 3911 1263 3966 55
1281 3908 1425 3966 Periandri
1449 3911 1565 3966 redeunt

342 4001 414 4072 apud
438 4001 582 4056 Aelianum
601 4001 634 4056 V.
653 4000 687 4054 Η.
705 4001 759 4058 XII
778 4003 812 4056 35
841 3998 889 4054 doio
912 4002 1075 4072 Περὶανδροι
1097 4000 1111 4056 ὁ
1139 4001 1191 4074 μὲν
1218 3997 1302 4071 σοφός
1330 3997 1345 4052 ὁ
1371 4001 1402 4054 δὲ
1428 4000 1564 4072 τύραννος.

342 4092 479 4168 Deinceps
497 4096 690 4145 enumerantur
708 4091 855 4145 Mcirrddm
871 4097 941 4162 τρεῖς
967 4092 1075 4164 [revera
1097 4091 1151 4144 duo
1177 4089 1210 4143 cf.
1229 4089 1366 4144 Perizonii
1385 4090 1459 4164 adm]
1482 4089 1495 4145 ὁ
1513 4095 1564 4166 μὲν

342 4181 528 4254 Χεῤῥόννησον
551 4187 641 4242 κτίσας
663 4183 709 4234 καὶ
728 4177 741 4233 ὃ
759 4183 884 4249 Κυψέλου
907 4183 953 4235 καὶ
977 4177 990 4234 ὃ
1013 4185 1150 4253 Κίμωνος,
1176 4179 1294 4248 denique
1322 4179 1440 4248 Sibyllae
1466 4188 1494 4238 ei
1511 4181 1563 4237 Ba·

343 4273 417 4327 cides
445 4287 486 4325 ex·
507 4269 618 4325 scholiis
644 4269 861 4341 Aristophaneis.
907 4269 986 4326 Unde
1014 4269 1180 4325 Periandros
1209 4275 1237 4324 et
1265 4267 1406 4324 Miltiades
1434 4270 1564 4326 Aelianas

343 4361 488 4430 sumpserit
505 4359 609 4430 ignoro.
