3420 5408
1331 469 1374 534 ta

151 649 351 715 coniecturas
380 643 592 728 confugerunt
625 645 798 728 pessimas,
833 643 922 710 velut
949 644 1176 730 Bernhardyns
1209 643 1378 736 πολιυείας

150 755 281 837 scripsit
309 771 369 836 pro
403 748 528 828 πόλεως
556 750 608 836 [cl.
639 751 725 819 Suid
758 771 783 820 s.
807 773 836 819 v.
863 755 1052 840 Φαβωρῖνος
1083 754 1132 820 ed.
1161 752 1374 839 Bembardy].

149 863 193 928 Aa
216 881 273 926 eur
294 860 409 946 βιβλίῳ
432 859 601 942 suppletur
624 860 665 925 ad
687 859 723 925 ἐν
746 865 790 949 τῷ
812 863 887 947 περὶ
903 860 1100 947 Κυρηναϊκῆς
1114 858 1254 938 adhoc?
1292 863 1375 942 Quin

148 965 302 1056 idrp⁵⁸)?
342 967 470 1034 Scilicet
492 966 653 1049 particula
668 968 858 1050 omnigenae
880 968 1036 1034 historiae
1060 968 1100 1034 de
1116 966 1241 1052 Gyrena
1264 975 1377 1052 egerat

148 1075 337 1143 Favorinus.
378 1073 523 1140 Concedo
540 1074 609 1140 sine
626 1074 690 1140 alio
707 1080 906 1158 argumento,
923 1075 1059 1142 lexicine
1074 1076 1130 1142 ille
1146 1083 1219 1165 usqi
1236 1076 1377 1164 Κυρήνης
1472 1110 1477 1119 ·

147 1183 247 1250 fuerit
281 1181 436 1248 articulus
470 1199 512 1247 an
545 1179 621 1245 libri
657 1181 769 1247 ordine
798 1182 960 1264 destituti,
994 1200 1057 1248 non
1087 1182 1203 1250 dirimi.
1255 1184 1375 1250 Verum

147 1291 328 1374 adsumptis
351 1307 433 1373 quae
455 1289 550 1354 modo
575 1288 640 1354 dixi
664 1289 704 1354 de
727 1289 848 1371 Argilc,
872 1295 980 1356 utrum
1004 1290 1110 1358 verius
1134 1292 1186 1372 sit,
1211 1292 1324 1358 elucet.

238 1401 268 1463 4.
292 1398 361 1463 Iam
391 1395 561 1462 dummodo
594 1396 688 1462 binas
721 1397 850 1462 litteras
886 1397 1029 1479 singulos
1063 1396 1164 1463 libros
1201 1417 1375 1481 occupasse

147 1505 350 1584 concedatur,
375 1527 394 1568 o
417 1509 451 1568 et
474 1525 500 1568 π
522 1508 692 1585 octava-c
715 1505 819 1586 primo
842 1504 926 1570 libro
950 1509 1043 1571 erant
1058 1505 1257 1588 adsignatae.
1294 1507 1374 1573 Rem

146 1615 252 1696 ipsam
267 1613 354 1678 vide:
374 1610 512 1678 Πλάτων
528 1611 589 1696 [ΠΙ
605 1611 712 1699 24]“)
737 1619 770 1678 et
788 1612 990 1699 Πυθαγόρας
1005 1612 1097 1697 [VIII
1114 1615 1164 1679 12.
1182 1613 1239 1698 47]
1259 1633 1375 1697 reapse

146 1722 186 1786 in
211 1724 362 1801 octavo,
382 1714 514 1802 Ἀττική,
539 1738 602 1801 qua
625 1719 685 1785 sub
707 1739 785 1787 voce
808 1721 848 1786 de
872 1720 1037 1803 Tetrapoli
1060 1721 1170 1788 Attica
1193 1723 1374 1805 expositum

147 1830 220 1891 erat
243 1824 368 1910 [Steph.
394 1844 418 1892 s.
443 1826 487 1910 a]
511 1827 551 1891 in
574 1827 700 1908 primo
725 1826 887 1893 extabant.

236 1933 305 1998 Iam
316 1937 527 2016 posteaquam
541 1932 804 2018 homonymorum
820 1935 1007 2001 memoriam
1023 1939 1056 2000 et
1071 1953 1124 2001 res
1140 1934 1375 2018 geographicas

146 2039 310 2122 prioribus
325 2041 388 2106 XII
403 2041 592 2123 omnigenae
607 2041 763 2108 historiae
778 2038 919 2129 libris⁵⁵)
931 2077 975 2090 -
991 2042 1108 2108 ceteris
1124 2042 1186 2108 ΧΠ
1202 2042 1374 2124 ‘quaestic-

146 2166 205 2213 nes
229 2148 370 2228 graecas'
396 2153 554 2214 tractasse
577 2149 714 2231 ridetur,
743 2151 771 2214 si
795 2149 892 2216 Gellii
915 2151 1074 2231 excerptis
1098 2149 1256 2214 credimus
1273 2185 1315 2198 -
1332 2149 1373 2214 ad

145 2255 274 2322 litteras
308 2261 512 2322 enumeratas
557 2274 628 2322 esse
663 2257 896 2340 quadamtenus
924 2257 1075 2340 probavi,
1110 2259 1144 2322 in
1174 2257 1373 2340 homonymis

145 2351 398 2444 disputationem
422 2360 675 2451 complectar⁵⁰).

235 2471 375 2554 Largam
398 2471 513 2554 dapem
536 2476 570 2538 et
592 2473 701 2556 gustui
725 2473 844 2539 saeculi
868 2473 1049 2556 adpositam
1071 2471 1222 2538 Favorini
1245 2471 1373 2538 articuli

146 2575 349 2644 exhibebant.
389 2578 439 2644 De
456 2580 580 2662 origine
603 2580 806 2646 institutione
829 2580 925 2647 rebus
949 2580 1049 2663 gestis
1073 2580 1265 2662 scriptisque
1289 2581 1373 2646 etsi

145 2703 228 2768 quae
253 2686 316 2750 alia
339 2686 387 2751 illi
410 2687 511 2752 aetati
535 2688 618 2752 scitu
639 2687 825 2753 viderentur
848 2688 946 2770 digna
968 2687 1013 2753 ibi
1037 2705 1074 2752 ex
1098 2687 1208 2753 multis
1223 2692 1257 2752 et
1273 2687 1371 2754 variis

145 2797 179 2857 et
216 2793 350 2858 remotis
387 2793 577 2860 lectionibus
616 2799 687 2860 erat
726 2793 934 2861 elaboratum.
994 2793 1080 2860 Nota
1118 2794 1264 2876 exempla
1296 2798 1373 2860 sunt

217 3092 255 3165 55)
272 3093 406 3165 Exempla
430 3093 531 3165 passim
554 3099 680 3164 prostant
703 3094 776 3164 apud
798 3093 974 3164 Stephanum.
996 3125 1031 3133 -
1050 3093 1178 3150 Ceterum
1201 3095 1275 3163 qnod
1300 3111 1321 3151 s.
1345 3113 1370 3152 r.

136 3183 261 3258 Ἀργιλος
280 3182 303 3252 *ἦ
322 3183 389 3256 πρὸς
407 3187 445 3257 rqi
462 3184 600 3258 Στρυμόνι
618 3184 703 3247 πόλις’
726 3189 810 3255 extat,
832 3201 887 3240 non
905 3183 1022 3240 alienum
1040 3200 1058 3239 a
1074 3183 1224 3240 lexicornm
1242 3201 1325 3241 more.

216 3271 253 3342 ⁵⁴)
273 3273 315 3327 ΠΙ
333 3275 368 3328 47
387 3273 421 3328 de
435 3273 537 3329 Politia
548 3273 672 3330 Platonis
690 3291 725 3330 ex
743 3274 864 3330 secundo
883 3290 907 3330 o.
920 3274 948 3328 h.
966 3273 1037 3329 libro
1049 3273 1177 3330 refertur.
1206 3273 1370 3346 corruptum

143 3374 167 3419 Β
186 3379 221 3419 ex
238 3371 266 3418 Η
281 3364 334 3418 iam
354 3361 383 3418 O.
401 3363 536 3420 Muellero
564 3364 608 3435 [F.
627 3364 662 3419 H.
681 3364 714 3420 G.
732 3363 774 3417 111
791 3381 819 3434 p.
831 3366 898 3434 580]
919 3363 1073 3420 videbatur.
1105 3363 1186 3420 certe
1205 3362 1258 3420 nisi
1276 3365 1371 3435 ignota

144 3455 262 3525 quadam
285 3453 426 3510 occasione
449 3452 517 3509 illud
542 3459 720 3510 memoratum
743 3469 802 3510 esse
826 3455 951 3524 sumitur,
977 3469 1038 3510 cum
1056 3453 1132 3510 nulla
1150 3447 1258 3510 orhnino
1276 3455 1369 3525 dispo·

144 3544 244 3600 sitione
264 3549 401 3612 quotquot
418 3543 583 3613 periclitaris
602 3543 801 3600 conciliabitur.

220 3632 258 3705 55)
276 3633 355 3702 Quod
376 3632 481 3689 Gellius
505 3633 534 3689 in
557 3633 728 3704 praelatione
751 3650 775 3689 o.
793 3633 821 3688 h.
848 3633 1080 3690 intervenisset
1102 3633 1239 3690 miscellae
1266 3633 1369 3689 doctri·

143 3741 194 3780 nae
207 3723 396 3795 promptuaria
413 3723 560 3794 recensuit,
579 3739 634 3778 non
652 3722 686 3778 do
698 3723 793 3779 ordine
811 3723 876 3779 libri
895 3723 1083 3794 accipiendum
1094 3728 1145 3779 est.
1173 3721 1278 3779 Ibidem
1296 3723 1369 3778 enim

142 3812 243 3887 λειμών
260 3811 396 3883 Pamphili
413 3810 548 3867 inluditur
558 3813 600 3869 ud
619 3812 803 3869 litteraturam
821 3813 981 3884 dispositus.
996 3846 1030 3853 -
1044 3813 1172 3869 Ceterum
1191 3813 1369 3882 ‘omnigenam

142 3903 235 3974 hylen’
254 3902 416 3972 octingentis
433 3902 513 3958 libris
527 3901 571 3974 [cl.
586 3903 698 3959 Seston.
711 3904 745 3959 de
758 3919 868 3974 gramm.
884 3904 928 3974 10]
949 3904 1070 3960 Ateius
1088 3902 1288 3972 Philologus
1304 3917 1368 3958 con-

143 3993 224 4062 iecit,
243 3991 322 4047 libris
340 3992 439 4061 viginti
458 3997 590 4062 quattuor
606 3993 804 4049 Alexander
824 3993 1034 4064 Cotyaensis
1059 3993 1167 4065 [Steph.
1187 4009 1208 4048 s.
1226 4010 1252 4048 r.
1270 3992 1368 4047 Korad-

144 4105 200 4140 aar
223 4082 257 4137 cl.
276 4081 365 4138 Lehrs
388 4087 493 4152 quaest.
516 4083 584 4153 epic.
602 4101 629 4155 p.
648 4087 673 4140 8.
710 4083 838 4139 Meineke
857 4084 926 4140 anal.
945 4084 1023 4140 Alex.
1041 4100 1068 4154 p.
1089 4083 1133 4156 16]
1151 4081 1282 4139 Favorini
1299 4089 1367 4154 puto

143 4173 296 4242 exemplum
315 4171 445 4228 imitatus.

214 4257 252 4327 55)
270 4257 472 4328 Aequalitatem
489 4258 621 4315 librorum
638 4260 751 4315 nimium
769 4261 798 4315 in
810 4261 919 4316 modum
936 4258 1040 4316 laesam
1052 4259 1141 4315 rideri
1160 4257 1227 4313 mihi
1246 4258 1365 4315 obicies:

142 4346 287 4402 nonnullas
305 4348 376 4403 enim
394 4349 503 4405 litteras
520 4356 552 4404 nt
570 4357 598 4404 x
616 4355 644 4406 et
663 4361 688 4406 Υ
701 4351 741 4406 ita
758 4351 826 4407 haut
844 4350 959 4406 multum
975 4349 1056 4420 spatii
1069 4348 1253 4420 completuros
1271 4347 1365 4420 fuisse,

143 4438 239 4507 ingens
257 4451 324 4494 rero
343 4447 367 4494 Α
387 4444 415 4495 et
432 4447 462 4495 11
477 4439 552 4496 olias.
584 4439 672 4497 Credo
686 4440 813 4510 equidem
825 4456 880 4496 non
898 4439 965 4496 satis
983 4439 1074 4496 valere
1092 4439 1163 4496 hane
1182 4437 1366 4496 offensionem.
