3432 5400
261 623 300 713 ἦν
323 629 353 694 δ’
379 627 466 714 αῦτῷ
490 626 635 712 σύμβολα
658 629 751 693 τάδε·

260 738 325 820 πῦρ
348 741 497 818 μαχαίρᾳ
519 732 564 820 μή
588 734 766 801 σκαλεύειν·
791 735 888 816 ζυγόν
909 739 950 823 μή
975 735 1199 823 ὑπερβαίνειν·

261 843 317 906 ἐπὶ
339 844 544 928 χοίνικοςμή
568 842 733 919 καθίζειν·
762 843 900 929 καρδίην
922 841 965 927 μὴ
987 844 1129 908 ἐσθίειν·

260 951 458 1036 φορτίονμή
482 955 731 1036 συγκαθαιρείν,
755 953 998 1015 συνεπιτιθέναι
1022 951 1072 1016 δέ·

260 1059 300 1121 τά
325 1054 493 1142 στρώματα
517 1052 568 1120 ἀεὶ
591 1057 808 1142 συνδεδεμένα
831 1057 927 1138 ἔχειν·

260 1167 295 1229 ἑν
317 1163 478 1250 δακτυλίῳ
503 1161 610 1227 εἰκόνα
635 1165 718 1228 θεοῦ
741 1166 783 1248 μή
808 1169 1006 1250 περιφέρειν·

259 1269 374 1357 χῦτρας
397 1275 488 1353 ἴχνος
511 1280 638 1351 συγχεῖν
660 1271 696 1334 έν
719 1277 754 1363 τῇ
778 1276 897 1358 τέφρᾳ·

259 1378 363 1466 δᾳδίῳ
385 1379 495 1443 θάκον
517 1377 561 1463 μή
586 1375 824 1464 ὀμόργνυσθαι·

257 1485 336 1570 πρὸς
358 1484 452 1569 ἣλιον
475 1491 692 1572 τετραμμένον
714 1487 757 1570 μὴ
783 1482 919 1572 ὀμίχειν·

258 1593 315 1668 τάς
339 1594 521 1679 λεωφόρους
544 1591 588 1675 μὴ
611 1593 772 1674 βαδίζειν·

259 1699 303 1783 μή
326 1699 446 1787 ῥᾳδίως
468 1697 580 1778 δεξιόν
604 1698 793 1782 ἐμβάλλειν·

260 1805 468 1892 ὁμωροφίους
491 1805 662 1887 χελιδόνας
684 1806 727 1891 μή
753 1807 850 1889 ἔχειν·

258 1911 504 1996 ἀπονυχίσμασι
521 1917 576 1974 καὶ
590 1925 721 1997 κουραῖς
736 1912 779 1997 μή
798 1914 948 1999 ἐπουρεῖν
970 1915 1051 2000 μηδὲ
1066 1914 1287 2000 ἐφίστασθαι·

258 2021 368 2099 ὀξεῖαν
390 2021 555 2105 μάχαιραν
578 2016 806 2107 ἀποστρέφειν·

257 2126 493 2214 ἀποδημοῦντα
517 2127 572 2190 ἐπὶ
595 2139 661 2202 τοῖς
685 2125 768 2214 ῦροις
792 2125 1066 2216 ἀνεπιστρεπτεῖν.

234 2237 323 2302 Haeo
347 2235 491 2317 symbola
514 2235 594 2316 ipsa.
643 2236 730 2313 Quae
755 2237 832 2318 quid
857 2236 919 2300 sibi
946 2235 1047 2300 velint
1074 2235 1121 2299 ita
1148 2235 1308 2316 explanat,
1333 2242 1370 2302 ut

141 2364 233 2411 more
258 2363 315 2409 suo
333 2343 513 2408 consentiat
529 2360 599 2407 cnm
617 2341 780 2408 Clemente
805 2349 838 2409 et
853 2343 1055 2425 Porphyrio.'
1083 2342 1235 2408 Ordinem
1252 2360 1368 2425 sequor

142 2453 368 2517 Laertianum:

175 2557 303 2611 Laertius
316 2555 391 2622 VIII,
411 2557 443 2610 18
457 2572 516 2624 sqq.
557 2557 561 2648 i
574 2555 696 2610 Clemens
703 2557 802 2610 Strom.
812 2575 838 2628 p.
846 2559 898 2612 238
909 2573 967 2626 sqq.
1004 2554 1173 2624 Porphyrius
1192 2570 1215 2608 e.
1235 2558 1278 2611 42.
1292 2555 1340 2622 ¹⁰⁸)

133 2667 261 2730 Ἤθελε
284 2666 316 2728 δ’
343 2663 431 2752 αὐτῷ
574 2671 733 2751 Παραινεῒ
758 2675 837 2746 χοῦν
866 2665 883 2730 ό
907 2664 969 2729 Σά-
997 2662 1038 2751 ἦν
1052 2663 1092 2730 δὲ
1112 2672 1166 2728 καὶ
1189 2665 1271 2732 ἄλλο
1286 2667 1369 2740 εἶδος

571 2797 648 2855 μιος
994 2771 1166 2856 συμβόλων
1190 2779 1352 2838 τοιοῦτον·

146 2887 174 2949 I.
201 2880 242 2945 τό
270 2883 342 2964 μὲν
369 2884 445 2964 πῦρ
474 2904 542 2960 μα·
996 2881 1024 2943 2.
1049 2879 1095 2964 μή
1135 2877 1176 2944 τό
1214 2880 1290 2965 πῦρ
1324 2881 1368 2967 τῇ

140 2993 259 3073 χαίρᾳ
277 2988 323 3071 μὴ
340 2984 543 3051 σκαλεύειν
993 2991 1166 3071 μαχαίρᾳ
1204 2984 1367 3052 σκαλεό-

143 3096 313 3161 δυναστῶν
350 3090 451 3179 ἀρχὴν
489 3094 542 3156 καὶ
994 3110 1065 3158 ειν·
1090 3090 1171 3180 ὅπερ
1187 3088 1228 3177 ῆν
1242 3095 1283 3178 μή
1308 3096 1367 3159 τόν

143 3202 298 3266 οἰδοῦντα
343 3202 456 3283 θυμὸν
499 3202 542 3284 μὴ
992 3199 1188 3266 ἀνοιδοῦντα
1205 3202 1258 3264 καί
1281 3199 1367 3288 ὄρχι-

142 3319 253 3374 κινεῒν.
994 3305 1127 3391 ζόμενον
1142 3322 1242 3374 κινεῖν
1258 3308 1366 3388 λόχοις

992 3419 1215 3500 τεθαμμένοις·

143 3527 173 3587 2.
199 3523 240 3586 τό
277 3521 317 3584 δὲ
351 3521 465 3600 ζυχόν
493 3519 541 3603 μή
571 3523 599 3585 5.
624 3540 656 3603 p.
682 3522 746 3585 239
772 3521 802 3586 S.
850 3521 967 3601 ζυχόν
996 3521 1364 3606 1.ζυχόνμη“ῦπερ-
1415 3548 1421 3556 ·

143 3626 409 3715 ὑπερβαίνειν,
471 3651 541 3693 του-
567 3625 966 3714 μῆῦπερβαίνειντου-
992 3633 1149 3711 βαίνειν
1223 3633 1364 3695 τουτέστι
1404 3659 1407 3664 ·

143 3740 228 3800 τέστι
255 3733 291 3798 τό
314 3737 387 3798 ἴσον
413 3733 468 3798 καὶ
497 3735 540 3798 δί·
568 3740 652 3799 τέστι
675 3734 718 3818 μή
740 3738 967 3819 παρέρχεσθαι
991 3735 1034 3819 μή
1057 3737 1267 3801 πλεονεκτεῖν.

142 3865 238 3907 καιον
259 3840 302 3925 μή
323 3839 538 3926 ὑπερβαίνειν.
567 3840 603 3907 τό
629 3839 709 3925 πρὸς
731 3840 789 3918 τάς
804 3841 966 3927 διανομάς

568 3953 639 4017 ἴσον
658 3958 818 4033 τιμῶντας
840 3949 898 4035 τὴν
921 3950 966 4015 δι-

568 4057 752 4143 καιυσόνην.

141 4164 355 4175 ...an—*-

215 4214 265 4285 ¹⁰⁸)
283 4215 378 4270 Rohde
408 4214 526 4284 [Griech.
554 4231 648 4270 roman
670 4234 697 4284 p.
722 4217 773 4272 255
795 4218 833 4287 α]
856 4216 1004 4286 Porphyrii
1031 4231 1065 4271 ex
1093 4217 1214 4272 Antonio
1238 4216 1361 4286 Diogene

142 4310 274 4374 excerpta
291 4321 345 4360 non
363 4311 437 4358 reete
459 4320 544 4372 nsque
567 4305 601 4360 ad
614 4308 648 4360 36
667 4304 704 4359 fin
717 4347 723 4358 .
737 4305 876 4374 provexit:
890 4306 995 4361 Laertii
1013 4306 1182 4374 comparatio
1194 4322 1248 4360 non
1267 4307 1359 4362 tradu-

142 4394 182 4448 eit
200 4395 273 4448 ultra
290 4411 317 4464 p.
336 4396 379 4462 28,
400 4398 422 4449 l.
459 4393 534 4448 Idam
553 4395 625 4449 valet
643 4394 671 4447 in
690 4393 706 4465 ξ
725 4398 768 4451 45.
