3420 5408
1334 449 1376 510 47

240 643 267 689 ο.
296 624 472 689 ‘Dicendi
496 624 779 707 scribendique
804 624 882 688 arti
906 624 1030 689 studuit
1053 624 1193 689 indicum
1217 624 1375 706 scriptor'.

149 731 254 796 Aliter
283 731 367 796 enirn
399 732 552 813 explicari
578 732 705 814 nequit,
741 731 827 814 quod
856 730 1016 796 Theodori
1045 730 1207 796 Gadareni
1237 730 1377 798 rhetoris

149 843 221 927 περὶ
250 844 316 904 τῶν
350 835 386 904 ἐν
421 847 547 924 φωναῖς
582 837 783 924 ζητουμένων
813 839 858 903 sic
887 838 1092 904 conlaudavit
1120 838 1153 902 Π
1178 840 1239 904 103
1270 833 1307 905 οὗ
1336 837 1376 903 τὸ

148 941 357 1031 φωνασκικὸν
392 948 523 1027 φέρεται
561 944 687 1027 βιβλίον
720 943 906 1028 παγκαλόν,
943 946 1029 1028 quod
1056 929 1225 1032 χαρίεντας
1253 945 1296 1030 [V
1320 946 1377 1030 35]

148 1052 334 1117 Aristotelis
359 1052 498 1116 oratoris
523 1052 688 1117 cuiusdam
711 1052 911 1134 praedicavit
934 1050 1047 1131 λόγους
1071 1051 1268 1134 δικανικούς,
1292 1054 1378 1137 qnod

148 1160 233 1225 Zeno
257 1160 399 1224 medicus
422 1159 638 1240 Herophileus
663 1160 693 1225 ci
717 1160 808 1224 audit
830 1166 947 1245 νοῆσαι
966 1163 1026 1243 μὲν
1049 1157 1169 1241 ίκανός,
1194 1157 1325 1248 γράψαι
1348 1161 1379 1225 d’

148 1267 268 1341 ᾄτονος
290 1266 365 1350 [VII
380 1265 447 1349 35],
478 1266 561 1332 alter
585 1267 714 1349 quidam
738 1265 811 1350 [ih]
834 1267 950 1352 νοῆσαι
971 1271 1026 1330 καὶ
1049 1263 1239 1352 ἑρμηνεῦσαι
1261 1264 1376 1353 σαφής,

147 1373 332 1439 Demetrius
366 1373 541 1455 Byzantius
575 1373 808 1455 peripateticus
841 1371 884 1456 [V
913 1374 970 1457 83]
1008 1371 1115 1458 σαφὴς
1149 1371 1376 1460 διηγήσασθαι,

148 1479 265 1545 Thales
289 1479 426 1562 denique
450 1478 561 1545 rhetor
586 1478 784 1545 Callatianns
809 1479 838 1564 [Ι
861 1479 918 1564 38]
942 1478 1122 1565 κακόζηλος.

236 1585 256 1651 f.
283 1586 425 1652 ‘Studuit
441 1587 539 1650 etiarn
562 1591 766 1668 poetarum
788 1587 918 1668 ingenio
941 1585 1133 1652 iudicando’.
1172 1587 1377 1654 Democritus

146 1692 207 1776 [IX
222 1694 279 1779 49]
304 1699 338 1760 et
353 1694 544 1760 Heraclides
561 1694 603 1778 [V
621 1695 677 1778 93]
695 1694 970 1776 epigrammatarii
986 1694 1137 1760 ridentur
1154 1695 1183 1759 ei
1199 1695 1254 1759 ille
1271 1694 1377 1781 σαφὴς

146 1805 202 1864 καί
225 1795 384 1886 ἀνθηρός,
413 1801 465 1866 hic
488 1798 627 1886 λιγυρός.
674 1801 723 1866 Ex
751 1801 903 1884 elegiacis
928 1801 1109 1867 Oamcades
1133 1802 1192 1887 [IV
1216 1803 1272 1887 66]
1294 1804 1377 1869 vitu-

146 1911 280 1987 peratur
303 1905 441 1994 ψυχρός,
471 1907 512 1973 oh
540 1908 662 1989 ingenii
685 1907 908 1975 infelicitatem
931 1910 1130 1974 Xenocrates
1153 1909 1283 1992 quidam
1307 1908 1378 1993 [οὐκ

146 2012 299 2100 ἐπιτυχής
310 2015 355 2080 IV
367 2015 432 2098 15].
453 2014 723 2096 lambographum
730 2015 929 2081 Demetrium
942 2015 1046 2099 [V85]
1058 2013 1184 2102 πικρόν,
1196 2016 1377 2081 Heraclidis

147 2122 286 2204 denique
302 2121 443 2186 Leschas
460 2140 524 2187 non
541 2122 609 2187 sinc
625 2122 706 2187 recti
723 2141 819 2188 sensu
844 2122 1026 2209 *φλυαρίας
1052 2141 1110 2204 per
1125 2123 1261 2188 ironiam
1285 2124 1375 2188 dixit.

237 2248 265 2310 g.
293 2228 434 2293 ‘Studuit
454 2248 552 2310 porro
573 2228 789 2295 historicis'
814 2231 841 2296 si
863 2230 993 2313 quidem
1008 2229 1255 2312 Xenophontem
1278 2249 1377 2313 quen-

147 2335 221 2400 dam
245 2334 285 2401 ob
309 2334 491 2401 fabularum
513 2335 797 2418 prodigiorumque
814 2337 1030 2419 captationem
1053 2341 1090 2402 ut
1114 2334 1261 2422 μυθώδη
1283 2361 1376 2425 τερα-

145 2441 291 2506 catara
314 2461 405 2508 more
428 2443 604 2525 Polybiano
628 2444 827 2525 perstrinxit.

235 2548 267 2614 h.
293 2549 353 2614 ‘Ad
387 2549 586 2614 reconditam
624 2551 785 2632 quandam
822 2550 1106 2635 polymathiam
1143 2551 1376 2633 quammaxime

145 2655 331 2721 inclinavit'.
364 2656 447 2721 Nam
463 2675 534 2722 cum
549 2657 751 2723 Demetrium
764 2658 929 2740 Scepsium
946 2657 988 2742 [V
1005 2656 1060 2740 84]
1077 2658 1182 2742 ἄκρος
1198 2654 1377 2741 φιλόλογον

146 2763 389 2829 conlaudaverit
411 2763 498 2828 haud
521 2764 569 2829 ita
592 2764 751 2831 celebrem
775 2765 927 2848 antiquis,
953 2765 1154 2830 demonstrat
1177 2782 1211 2829 se
1231 2760 1376 2849 Τρωϊκὸν

145 2865 333 2952 διάκοσμον,
357 2872 408 2936 cui
432 2871 493 2936 soli
515 2870 633 2936 lauram
650 2871 799 2954 Scepsius
815 2872 964 2953 debehat,
988 2891 1052 2937 non
1069 2871 1172 2937 solum
1188 2871 1376 2953 cognovisse

145 2995 256 3042 verum
272 2977 478 3043 vehementer
494 2978 701 3060 adprobasse.
734 2979 778 3044 Et
792 2979 853 3044 hoc
868 2980 997 3062 quidem
1014 2979 1054 3044 de
1065 2978 1230 3044 Demetrio
1244 2977 1375 3058 Scepsio

145 3083 299 3148 iudicium
314 3085 429 3150 summi
445 3090 496 3150 est
510 3085 678 3151 momenti!
718 3086 847 3151 Etenim
864 3091 936 3152 erat
952 3087 1101 3168 Scepsius
1117 3104 1226 3150 rerum
1249 3085 1375 3150 abstru-

146 3190 346 3258 sissimarum
369 3192 505 3257 scientia
526 3192 619 3257 unice
642 3193 809 3274 praeditus
831 3212 907 3260 vere
931 3213 1025 3276 quem
1047 3197 1163 3259 vocant
1185 3192 1374 3275 polyhistor.

236 3298 257 3364 i.
283 3299 383 3365 ‘Vixit
397 3299 484 3364 intra
500 3317 601 3364 annos
618 3317 643 3366 c.
660 3301 702 3365 60
715 3305 775 3366 etc.
792 3302 855 3366 160
867 3320 898 3382 p.
914 3299 987 3366 Ohr.
1004 3301 1046 3367 n.’
1081 3300 1249 3366 Seleucum
1257 3300 1376 3365 Home-

146 3405 248 3470 ricum
272 3411 306 3471 et
330 3406 532 3472 Theodorum
555 3405 713 3472 medicum
736 3407 822 3489 quod
846 3411 1029 3472 antestatur
1051 3412 1126 3489 post
1149 3426 1267 3472 annum
1289 3425 1314 3474 c.
1333 3408 1375 3472 50

146 3513 338 3594 remittitur3
353 3532 393 3578 ex
403 3513 585 3580 novissimis
597 3513 631 3577 in
643 3513 718 3578 vitis
731 3513 914 3580 Laertianis
927 3519 1058 3596 praeter
1071 3514 1235 3596 Scepticos
1247 3514 1374 3579 invenio

145 3607 355 3686 Plutarchum
372 3620 585 3702 Phlegontem
601 3619 754 3686 Sabinum
770 3621 953 3703 Epictetum
969 3622 1107 3704 denique
1122 3618 1373 3706 Favorinum‘⁵).

145 3725 227 3790 Rem
244 3725 372 3794 conficit
388 3727 505 3810 Apulei
528 3727 567 3812 [c.
589 3727 666 3811 170]
691 3733 859 3796 accuratus
876 3729 916 3794 de
930 3729 1076 3794 Platonis
1099 3729 1167 3793 vita
1190 3746 1373 3794 consensus.

235 3832 325 3900 Hace
347 3853 462 3900 novem
486 3853 525 3900 ex
547 3835 627 3918 ipsis
652 3836 808 3918 catalogis
831 3841 945 3919 patent
967 3836 1037 3903 veri
1064 3836 1268 3902 documenta:
1293 3853 1376 3902 nova

146 3941 346 4008 extrinsecus
370 3942 564 4010 accersenda
587 3948 671 4010 sunt.

219 4117 258 4188 4⁵)
275 4119 368 4174 Etiam
385 4117 537 4174 Numenius
555 4120 596 4175 IX
615 4124 649 4177 68
675 4120 716 4191 [in
740 4120 891 4191 Pyrrhonis
909 4119 980 4190 vita]
1005 4119 1120 4174 citatur:
1138 4117 1223 4191 μόνος
1242 4120 1271 4172 dt
1292 4127 1375 4173 Νου-

146 4206 264 4278 μήνιος
287 4212 335 4263 καὶ
358 4211 523 4282 δογματίσαι
546 4214 629 4282 φησὶν
652 4211 747 4280 αὐτόν,
775 4217 804 4265 at
830 4227 884 4265 non
907 4209 1122 4279 Neoplatonicus
1149 4209 1198 4264 sed
1224 4209 1375 4278 Pyrrhonis

146 4297 251 4352 assecla
271 4297 372 4368 [Zoller
390 4297 444 4353 IV2
463 4299 534 4370 441].
550 4331 583 4340 -
597 4299 775 4356 Plutarchum
793 4316 848 4355 non
866 4300 925 4370 ipse
943 4299 1010 4368 legit
1025 4298 1154 4353 Laertius
1173 4297 1373 4369 [clodaldi]

146 4402 236 4455 neque
257 4387 389 4442 Sabinum
410 4386 456 4458 [ci.
474 4405 503 4458 p.
521 4389 576 4459 74].
