3432 5400
1339 429 1402 495 143

177 599 321 666 recensio
345 597 510 682 Diogenis.
562 599 685 666 scilicet
719 617 791 666 cum
813 599 1003 668 Hesiodium
1033 601 1134 668 ultor
1160 599 1255 687 ἣμισυ
1277 605 1403 682 παντός

177 706 323 790 plerique
346 706 530 790 neglegant,
555 707 636 772 nihil
658 705 712 788 fit;
738 709 834 790 quod,
859 708 982 792 opinor,
1007 710 1140 777 dimidio
1163 712 1269 778 minus
1292 717 1352 778 est.

266 814 386 879 Tamen
402 815 552 880 standum
568 819 619 881 est
633 815 801 896 promisso.
841 834 916 881 narn
940 835 1023 898 quae
1046 817 1132 884 inter
1154 837 1214 886 nos
1238 823 1288 885 est
1310 818 1402 885 lami-

176 920 313 1002 liaritcs,
342 927 481 1003 quantus
504 922 538 988 iu
560 940 611 987 me
635 927 687 988 est
709 923 758 989 tui
781 923 1025 1008 studiorumque
1052 931 1181 993 tuorum
1205 945 1305 1008 amor,
1334 927 1402 1007 pia-

178 1027 283 1094 culum
307 1028 549 1112 committerem,
574 1029 602 1096 si
617 1035 814 1096 maturatum
837 1049 857 1098 a
881 1037 914 1098 te
930 1032 1075 1099 libellum
1097 1034 1130 1100 in
1151 1034 1252 1116 prelis
1270 1034 1403 1100 latitare

70 1202 76 1212 ,
176 1135 321 1201 iuberem
348 1153 421 1202 mea
449 1154 555 1203 causa
607 1137 717 1222 itaque
750 1140 861 1222 accipe
891 1140 1046 1222 quidquid
1075 1141 1198 1207 calamo
1226 1141 1340 1224 rapido
1369 1142 1402 1206 in

177 1242 356 1308 chartulam
387 1243 523 1326 conieci,
555 1250 706 1311 evocatus
732 1246 785 1311 vel
811 1247 846 1311 in
877 1246 1062 1312 Suidianam
1091 1248 1242 1331 paludem
1270 1266 1290 1313 e
1317 1247 1403 1313 luco·

177 1369 248 1415 mm
272 1349 534 1418 Theocriteorum
558 1352 755 1419 amoenitate
770 1390 815 1401 —
830 1371 927 1435 pasce
950 1355 1091 1436 capellas
1115 1361 1149 1422 et
1164 1360 1276 1438 potum
1291 1359 1403 1437 pastas

176 1475 246 1540 age,
272 1457 396 1541 Tityre:
422 1476 481 1540 ego
497 1459 601 1526 visum
624 1477 663 1526 eo
679 1459 814 1528 Maassii
833 1479 962 1542 pecora,
986 1479 1063 1528 num
1086 1481 1200 1528 revera
1223 1467 1320 1545 pastu
1342 1462 1403 1527 Fa-

176 1567 281 1634 vorini
304 1567 453 1650 saginata
474 1567 549 1633 sint
589 1568 737 1650 agedum,
761 1567 909 1651 procede,
934 1571 1001 1655 κριὲ
1022 1573 1140 1651 πέπον,
1163 1570 1341 1652 Diogenes,
1367 1574 1403 1635 tu

177 1673 341 1742 confiteris
375 1675 459 1758 ipse,
496 1673 659 1741 confiteris
694 1675 782 1742 solus
816 1679 850 1741 te
876 1675 1029 1742 Favorini
1060 1677 1128 1742 sive
1159 1675 1305 1759 frugibus
1336 1677 1403 1743 sive

179 1780 349 1865 glandibus
384 1781 485 1865 dapes
512 1786 586 1848 tuas
609 1783 742 1849 ditasse.
781 1786 954 1865 antequam
980 1783 1135 1866 probrum
1161 1783 1320 1850 mendacii
1353 1801 1404 1860 oc-

177 1889 319 1973 cultique
343 1887 422 1955 siuti
444 1890 477 1955 iu
501 1894 535 1956 te
559 1891 763 1972 coniciamus,
788 1895 876 1956 certe
899 1890 1078 1957 audiendus
1102 1909 1146 1956 es
1170 1927 1217 1938 -

265 1997 315 2062 Ea
338 2013 421 2079 quae
445 2015 485 2062 ex
508 1996 686 2080 Ommgena
708 1997 845 2064 historia
869 2016 904 2062 se
923 1999 1098 2080 sumpsisse
1115 1997 1236 2063 diserte
1253 1995 1403 2062 adfirmat

175 2104 350 2186 Diogenes,
374 2107 501 2169 tantum
524 2105 618 2171 abest
640 2110 678 2171 ut
693 2106 834 2187 ingentis
858 2105 1024 2171 doctrinae
1040 2123 1119 2187 prae
1143 2123 1178 2170 se
1201 2103 1308 2170 ferant
1332 2122 1403 2187 spe-

177 2211 271 2293 ciem,
307 2215 345 2276 ut
371 2211 480 2294 potius
515 2211 558 2277 ad
584 2213 649 2278 tria
684 2217 877 2295 quattuorve
912 2212 1020 2295 capita
1054 2212 1217 2278 miscellae
1246 2211 1402 2276 historiae

176 2318 354 2402 redigenda
377 2336 449 2384 esse
472 2318 651 2386 rideantur.
692 2339 710 2384 e
734 2319 850 2401 quibus
873 2319 1013 2401 primum
1036 2320 1168 2386 inventa
1192 2338 1256 2385 nou
1279 2323 1347 2383 tam
1370 2319 1404 2384 in

176 2424 383 2509 philosophia
418 2445 514 2508 quam
545 2426 810 2509 philosophorum
843 2427 876 2492 in
904 2427 1024 2492 litteris
1054 2427 1206 2493 continet.
1259 2425 1336 2492 VIII
1360 2426 1402 2489 83

175 2535 328 2599 Alcmaeo
363 2533 486 2616 primus
520 2531 656 2620 φυσικὸν
690 2533 788 2613 λόγον
817 2535 995 2617 componit,
1024 2534 1123 2600 1120
1152 2533 1302 2600 Socrates
1331 2550 1402 2597 cum

175 2641 335 2708 Aeschine
358 2641 481 2724 primus
504 2641 537 2727 (e
552 2631 754 2725 philosophis
769 2642 934 2726 nimirum)
958 2641 1141 2709 rhetoricen
1161 2642 1270 2720 dooet3
1295 2639 1402 2704 11124

176 2749 271 2815 Plato
303 2749 426 2830 primus
457 2747 494 2814 ἐν
516 2747 662 2836 ἐρωτήσει
685 2746 784 2829 λόγον
805 2748 943 2831 prolert3
973 2749 1038 2816 V9
1062 2748 1256 2814 Aristoteles
1278 2746 1402 2829 primus

176 2857 209 2942 (e
232 2855 434 2939 philosophis
457 2855 621 2940 nimirum)
652 2874 712 2939 pro
743 2874 777 2921 se
806 2856 877 2938 ipso
908 2856 1091 2922 iudicialem
1120 2854 1299 2921 orationem
1329 2871 1402 2919 con-

176 2963 285 3046 ponit;
320 2963 367 3028 IX
390 2963 432 3028 23
461 2963 670 3029 Parmenides
699 2963 823 3045 primus
851 2963 1004 3045 proponit
1030 2959 1088 3028 τὸν
1109 2959 1262 3042 Ἀχιλλέα
1289 2958 1401 3039 λόγον,

177 3072 265 3154 quod
299 3071 397 3136 etiam
427 3071 566 3137 Zenonis
588 3069 723 3136 Eleatae
757 3070 846 3136 vitae
880 3069 1058 3135 intruditur
1086 3065 1175 3155 (nam
1202 3067 1249 3132 IX
1277 3069 1319 3132 29
1354 3067 1403 3132 ita

176 3178 439 3261 distinguendum
469 3180 529 3244 τὸν
548 3173 704 3259 Ἀχιλλέα
730 3175 856 3264 πρῶτος
883 3175 983 3255 λόγον
1012 3171 1169 3263 ἠρώτησεν
1193 3173 1402 3259 (Φαβωρῖνος

176 3287 215 3352 δέ
239 3299 317 3373 φησι
341 3287 560 3374 Παρμενίδην)
584 3290 639 3351 καὶ
661 3283 778 3360 ἄλλους
804 3282 966 3368 συχνούς);
992 3283 1069 3350 VIII
1092 3285 1134 3348 47
1160 3287 1193 3348 et
1219 3284 1259 3348 12
1283 3281 1402 3364 Pytha·

177 3412 273 3476 goras
297 3393 419 3475 primus
443 3413 482 3458 ex
505 3397 576 3458 arte
599 3392 703 3457 nutrit
718 3391 869 3473 athletae,
893 3391 1016 3473 primus
1033 3389 1273 3456 definitionibus
1288 3389 1401 3469 utitur,

177 3520 241 3584 qua
268 3501 302 3567 in
329 3502 383 3567 ria
410 3506 550 3584 porgrmt
579 3499 734 3566 Socratici
762 3497 955 3564 Aristoteles
985 3497 1098 3578 Stoici,
1128 3497 1251 3579 primus
1280 3501 1401 3560 terram

176 3608 350 3674 rotundam
373 3608 460 3689 dicit,
490 3608 541 3673 cui
572 3607 752 3673 sententiae
779 3606 974 3672 contrariam
998 3623 1015 3669 e
1040 3603 1262 3685 Theophrasto
1291 3604 1402 3669 statim

177 3716 322 3781 adnectit
344 3715 521 3797 Diogenes,
551 3714 586 3778 in
608 3713 809 3779 Parmenidis
836 3714 904 3778 vita
927 3711 987 3795 (IX
1011 3712 1078 3792 21),
1107 3711 1163 3776 ubi
1187 3709 1401 3791 Theophrasti

177 3821 259 3888 illud
282 3826 466 3903 excerptum
489 3821 651 3903 integrum
674 3820 818 3902 apponit,
842 3818 993 3885 Favorini
1021 3818 1140 3884 oblitus
1164 3821 1223 3883 est.
1265 3816 1401 3881 similem

178 3929 218 3994 de
241 3927 364 3994 inventi
387 3933 519 3994 auctore
542 3926 776 3993 dubitationem
799 3931 937 4010 utroque
959 3927 1030 3992 loco
1053 3925 1179 3992 notavit
1201 3923 1278 3990 VIII
1303 3925 1344 3988 14
1368 3928 1402 3990 et

177 4035 226 4100 IX
249 4034 306 4114 23;
343 4035 400 4100 sed
435 4034 496 4100 hoo
530 4053 570 4099 en
604 4033 869 4100 Memorabilibus
904 4032 1055 4099 Favorini
1079 4036 1137 4098 est.
1204 4029 1401 4112 Omnigenae

178 4142 336 4210 historiae
358 4143 392 4208 in
415 4142 471 4208 illo
496 4141 652 4224 ampliore
675 4141 715 4207 de
737 4140 923 4225 Pythagora
946 4143 1096 4220 excerpto
1112 4136 1296 4202 nominatur
1319 4137 1401 4202 liber

180 4254 322 4331 octavus,
351 4249 438 4316 idem
465 4249 550 4315 redit
577 4249 610 4313 in
639 4249 769 4316 invento
792 4247 948 4326 Platonis,
977 4244 1063 4310 unde
1091 4249 1125 4310 et
1152 4241 1343 4309 Nietzsche'o
1368 4248 1401 4308 et

179 4360 214 4422 te
242 4357 366 4444 cautior
393 4356 427 4422 id
454 4360 580 4422 tantum
608 4356 746 4438 deduco,
775 4360 813 4421 ut
841 4354 882 4419 de
908 4351 1173 4435 philosophorum
1200 4349 1338 4415 inventis
1366 4351 1400 4414 in
