3420 5408
361 471 404 536 42

360 667 428 732 sqq.
454 648 548 714 dixit:
573 646 671 714 Alter
692 645 797 714 index
819 647 913 733 [ἔνιοι
936 649 972 713 δέ
994 655 1049 714 καὶ
1073 650 1116 734 ..]
1139 650 1224 717 duos
1244 649 1442 726 statuarios,
1473 675 1589 718 uuum

359 757 521 822 rhetorem
543 760 576 820 et
595 753 769 829 medicum,
796 756 880 822 duos
901 755 1125 843 complectitur
1143 757 1325 824 historicos.
1364 760 1408 824 In
1430 760 1492 824 hac
1514 781 1592 825 una

359 884 396 928 re
424 863 535 928 adhuc
556 864 732 928 haeremus
754 863 845 949 quod
864 885 968 950 neque
989 862 1114 928 musici
1133 885 1238 951 neque
1266 863 1375 951 ipsius
1395 865 1597 954 philosophi

359 968 481 1035 nuntio
492 970 572 1056 fiat.
609 969 660 1034 Ar
672 991 742 1035 nori
763 973 812 1034 est
830 990 894 1034 cur
915 971 1121 1046 haereamus,
1146 973 1324 1039 dummodo
1338 974 1444 1048 verba,
1469 974 1595 1060 quihus

359 1073 464 1141 index
492 1073 551 1140 ille
584 1074 717 1162 incipit,
748 1081 830 1141 reete
857 1074 1133 1163 interpretemur:
1162 1077 1200 1144 oi
1231 1079 1271 1143 δὲ
1298 1085 1363 1145 καὶ
1391 1077 1519 1146 ἄλλον
1545 1119 1592 1130 -

359 1183 441 1268 φασὶ
459 1180 675 1270 Πυθαγόραν.
714 1182 875 1249 laertius
890 1181 1003 1269 igitur
1021 1185 1081 1249 hos
1101 1185 1186 1251 solos
1201 1187 1414 1274 Pythagoras
1427 1208 1471 1253 eu
1484 1188 1593 1253 altero

358 1287 468 1356 indi'ce
501 1289 646 1355 enotavit
675 1311 820 1378 quorum
854 1289 894 1355 iri
921 1290 1040 1377 priore
1067 1293 1217 1358 umidum
1244 1293 1368 1360 menh'o
1387 1295 1489 1380 facta
1515 1300 1596 1360 erat

358 1402 416 1470 ita,
449 1402 490 1462 ut
521 1397 665 1463 alterum
692 1397 836 1463 indicem
864 1420 933 1463 nou
959 1398 1128 1484 possimus
1158 1398 1198 1464 in
1222 1399 1410 1487 pristinam
1428 1402 1593 1487 sormam

358 1524 518 1578 revocare,
543 1503 618 1569 uisi
636 1504 829 1571 nominihus
850 1506 1063 1592 Pythagorae
1079 1505 1274 1594 philosophi
1293 1506 1419 1574 musici
1437 1507 1592 1574 aliorum

356 1632 375 1675 e
397 1609 516 1697 priore
543 1610 728 1697 suppletis?
773 1612 817 1678 At
846 1613 874 1677 si
902 1617 1015 1678 auctor
1038 1613 1160 1679 Laertii
1183 1615 1218 1679 id
1246 1614 1338 1696 iecit,
1367 1615 1454 1698 quod
1481 1616 1591 1698 ipsum

357 1718 427 1784 uult
441 1718 607 1783 Laertium
629 1717 744 1784 iecisse
761 1718 992 1784 Nietzscheusl
1031 1719 1065 1786 si
1081 1739 1119 1785 ex
1140 1720 1384 1805 chronographo
1399 1723 1508 1788 nescio
1524 1743 1591 1805 quo

358 1829 511 1908 quattuor
528 1827 666 1908 sumpsit
687 1826 823 1908 priores,
849 1826 932 1892 sicut
956 1845 995 1891 ex
1010 1826 1183 1893 Polemone
1207 1829 1353 1911 quintum
1377 1832 1591 1913 sextumque?

357 1932 407 1997 An
423 1931 584 1997 diversum
600 1938 651 1998 est
662 1933 748 2016 quod
759 1934 793 1998 in
805 1933 981 1999 Democriti
999 1934 1067 1999 uita
1078 1933 1125 1999 IX
1134 1937 1176 1999 49
1197 1935 1331 2018 legitur:
1350 1936 1494 2022 δεύτερος
1507 1940 1592 2013 Χῖος

356 2040 506 2122 μουσικὸς
526 2039 611 2103 κατὰ
634 2041 693 2106 τὸν
715 2036 819 2106 αὐτὸν
839 2037 958 2124 χρόνον
986 2040 1097 2126 [atque
1120 2041 1355 2128 philosophus}
1401 2043 1518 2110 Utrum
1545 2047 1590 2110 sit

356 2147 476 2227 verius,
512 2148 634 2229 ignoro.
697 2147 798 2213 Nihili
829 2148 992 2230 estquod
1020 2148 1181 2213 obstruxit
1209 2149 1419 2215 Nietzseheus
1449 2151 1588 2233 impedi·

355 2257 497 2317 mentum
520 2273 551 2336 p.
572 2256 644 2319 196.
691 2254 819 2320 Etenim
849 2255 1000 2320 Laertius
1029 2272 1099 2320 cum
1127 2255 1276 2321 ultimum
1303 2257 1438 2322 alterius
1468 2258 1588 2330 indicis

354 2359 572 2442 Pythagoram
595 2362 654 2426 τὸν
678 2359 808 2448 Δωραα
831 2366 1163 2446 πεπραγματευμένον
1189 2368 1414 2446 memorasset,
1443 2365 1477 2430 in
1500 2365 1588 2432 hunc

354 2469 483 2534 modum
511 2469 599 2534 nullo
627 2470 796 2534 interiecto
824 2469 922 2534 verbo
949 2470 1107 2551 perrexit:
1126 2465 1359 2558 Ἐρατοσθέτης
1380 2473 1418 2537 δέ
1438 2490 1517 2559 φησι
1541 2511 1588 2523 -

354 2574 444 2638 καθὸ
473 2581 526 2638 καὶ
559 2577 748 2662 Φαβωρῖνος
770 2579 992 2662 παρατίθεται
1016 2615 1054 2623 -
1085 2583 1232 2646 τοῦτον
1259 2581 1343 2643 εἶναι
1371 2577 1428 2644 τὸν
1456 2583 1588 2667 πρῶτον

354 2681 507 2763 ἐντέχνως
532 2679 756 2748 πυκτεύσαντα
786 2683 853 2748 κτλ.
903 2682 1152 2750 Favori'riumoe
1171 2690 1331 2771 putemus
1353 2687 1587 2773 Pythagoram

353 2791 411 2854 τὸν
438 2790 567 2875 Δωρικὰ
596 2793 930 2876 πεπραγματευμένον
956 2790 1184 2857 clarissimum
1212 2791 1367 2878 pugilem
1395 2793 1588 2860 cerisici'sse?

354 2895 503 2962 hli'rii'ruc
524 2895 669 2983 quidem,
693 2895 758 2984 qui
775 2898 918 2963 secundo
940 2896 1057 2962 adiuti
1075 2920 1155 2964 casu
1169 2897 1333 2964 disertum
1348 2899 1484 2966 [nertii
1497 2907 1586 2967 teue-

353 3025 430 3069 mus
444 3003 679 3087 testimonium,
696 3004 907 3070 Favorinum
921 3004 961 3070 iu
976 3003 1166 3090 Omuigeua
1181 3004 1325 3075 historia
1337 3007 1376 3072 de
1387 3008 1587 3094 Pythagora

347 3110 544 3197 philosopha
567 3111 770 3177 athletarum
793 3110 963 3177 nutritore
985 3131 1144 3176 narrasse
1168 3113 1261 3178 VIII
1279 3116 1329 3178 12.
1370 3116 1447 3200 Qua
1470 3113 1588 3200 igitur

354 3217 484 3283 ratione
516 3220 680 3284 sedandae
713 3226 797 3285 sunt
827 3219 969 3285 turbae?
1023 3217 1129 3284 Nihil
1163 3219 1366 3306 simplicius,
1406 3224 1587 3290 dummodo

352 3326 523 3399 concedas,
566 3327 799 3394 Eratosthenis
834 3328 874 3391 a'e
906 3324 1022 3413 primo
1056 3326 1179 3413 pugile
1219 3330 1260 3393 P.
1299 3324 1527 3396 testimouium
1564 3357 1587 3398 a

353 3431 489 3497 Laertie
517 3453 534 3498 e
563 3433 732 3499 Favorini
755 3459 789 3500 π.
814 3433 834 3502 i.
858 3432 1002 3521 petitum
1031 3455 1113 3508 esse,
1150 3433 1191 3498 i'cl
1213 3436 1304 3522 quod
1327 3435 1451 3522 apertis
1476 3437 1587 3504 verbis

353 3537 536 3604 i'ucli'eatur.
584 3541 666 3624 Jam
693 3562 770 3606 vero
793 3539 852 3606 ille
872 3539 974 3626 prior
1002 3542 1274 3628 homonymorum
1298 3541 1417 3616 index,
1448 3543 1585 3612 nomine

352 3647 565 3732 Pythagorae
579 3645 776 3734 philosophi
784 3646 920 3734 finitur
942 3645 1040 3713 illius
1061 3647 1211 3734 quidem,
1235 3647 1335 3714 cuius
1352 3649 1584 3736 gymuasti'cas

352 3758 385 3818 et
404 3752 573 3819 athleti'eas
588 3759 676 3819 artes
690 3751 884 3820 Favorinus
898 3755 1005 3842 effert.
1043 3756 1087 3820 lu
1103 3761 1264 3842 promptu
1279 3762 1334 3831 est,
1359 3779 1424 3842 quo
1439 3759 1583 3826 undam.

352 3862 434 3925 Ecce
456 3859 625 3946 originem
648 3860 749 3926 totius
771 3860 837 3926 loci'
857 3861 969 3926 tabula
991 3869 1201 3949 expressam:

373 3968 487 4032 ιτ’]ῗοπο
513 3967 568 4031 A:
596 3966 701 4032 index
722 3969 998 4056 homonymorum
1020 3970 1048 4033 I
1061 3990 1105 4033 eu
1126 3969 1294 4036 Favorino
1317 3972 1518 4057 desumptus.

396 4075 486 4138 Fons
507 4075 563 4137 B:
586 4072 691 4138 iudex
713 4075 761 4138 II.

396 4181 486 4244 Foris
507 4179 562 4244 A:
584 4181 817 4246 Eratosthenes
840 4181 877 4246 δέ
899 4198 985 4268 φησι,
1008 4184 1098 4246 καθὸ
1123 4188 1177 4246 καὶ
1202 4187 1445 4270 Φαβωρῖνος.

441 4287 529 4351 Nihil
574 4306 651 4377 sane
695 4288 884 4370 elegantius.
948 4289 1068 4354 Tamen
1107 4290 1288 4373 elegantiae
1326 4291 1582 4358 Nietzscheanae

352 4392 480 4461 fallacia
504 4394 714 4462 disturbando
738 4400 801 4476 est,
829 4399 867 4462 ut
889 4415 966 4462 vera
993 4397 1186 4464 restituatur
1210 4397 1409 4480 simplicitas.
1457 4398 1581 4464 Iterum
1620 4405 1623 4410 '
