3432 5400
335 491 399 556 130

332 669 430 734 tertio
454 665 638 750 Thucydide
661 665 843 732 Polemonis
866 664 969 747 ipsius
991 664 1212 732 testimoninm
1236 664 1321 731 sicut
1343 663 1466 730 Laertii
1492 664 1566 730 bio

333 775 475 857 graphns
499 773 687 857 suppeditat
695 767 760 857 ¹⁴³).

422 886 452 948 2.
476 881 740 948 Wilamowitzius
763 899 795 963 p.
813 881 878 945 348
903 897 974 946 cnm
997 878 1179 946 Marcellini
1201 879 1306 945 indice
1328 879 1400 945 iure
1423 880 1566 946 alterum

333 990 496 1057 coniunxit
526 994 679 1072 quattuor
708 1007 781 1056 enm
809 1007 936 1071 quoque
968 987 1248 1071 complectentem,
1284 987 1348 1052 nisi
1382 987 1468 1071 quod
1502 1007 1566 1070 pro

332 1096 530 1163 Acherdusio
570 1096 773 1179 Gargettinm
816 1096 975 1179 quendam
1019 1095 1197 1162 nominarit
1240 1096 1428 1179 ceteroquin
1465 1096 1567 1177 plane

332 1204 503 1270 obscurum
531 1201 569 1268 cf.
600 1203 698 1270 schol.
723 1202 887 1286 Aristoph.
919 1221 1007 1285 vesp.
1033 1203 1097 1268 947
1121 1206 1268 1289 τέτταρες
1296 1201 1326 1266 δ’
1355 1203 1416 1266 εἰσι
1440 1202 1568 1266 Θουκυ-

333 1311 422 1376 δίδαι
437 1307 614 1396 Ἀθηναῖοι
637 1307 657 1376 οι
680 1306 930 1398 ἱστοριογράφος
953 1309 1008 1374 καί
1029 1306 1256 1396 έΓαργήττιος
1278 1309 1334 1373 καί
1358 1303 1567 1384 hemath

333 1418 414 1503 [καί]
448 1413 542 1494 οὗτος
576 1415 677 1506 ῥητωρ
711 1421 841 1506 ἄριστος
870 1413 1040 1500 τυγχάνων
1070 1415 1133 1482 κτλ.
1167 1416 1250 1502 [scil.
1279 1416 1434 1482 Melosios
1461 1415 1566 1501 filins]

333 1524 371 1591 cl.
396 1525 617 1592 Wilamowitz.
646 1546 678 1609 p.
696 1527 761 1592 349
795 1546 826 1593 n.
878 1524 1032 1592 Primitus
1066 1523 1168 1606 igitur
1201 1523 1298 1590 index
1329 1524 1385 1590 ille
1420 1523 1565 1607 quinque

332 1632 489 1699 nobiles
509 1633 707 1700 continebat:

424 1741 668 1807 unisonum.
710 1743 740 1807 2.
758 1739 914 1807 Melcsiae
937 1737 1047 1806 lihum.
1088 1741 1119 1806 3.
1137 1737 1349 1804 Pharsaliam.
1393 1739 1425 1805 4.
1442 1735 1566 1803 Acher-

333 1847 468 1913 dusium.
518 1847 547 1912 5.
574 1847 787 1930 Gargettium.
834 1847 918 1912 Hinc
947 1851 1101 1930 quattuor
1128 1851 1163 1912 et
1190 1845 1396 1911 Marcellinus
1424 1847 1566 1928 sumpsit

335 1959 368 2019 et
398 1959 630 2020 commentator
658 1954 885 2037 Aristophanis
909 1953 1132 2038 [Symmachus
1163 1952 1204 2019 de
1226 1951 1464 2018 Wilamowitrii
1492 1971 1566 2018 sen-

333 2062 437 2126 tentia
465 2061 538 2146 ib.],
570 2061 622 2126 hic
649 2066 759 2128 temen
786 2061 835 2126 ita
862 2066 900 2126 ut
922 2060 1136 2128 Athenienses
1165 2058 1286 2141 eligere
1309 2059 1431 2126 mallet.
1478 2059 1564 2126 Fore

333 2187 489 2249 auguror,
522 2173 560 2233 ut
594 2168 654 2233 hac
689 2187 785 2250 quam
817 2169 983 2251 ingressus
1018 2187 1089 2234 snm
1122 2168 1175 2234 via
1208 2167 1248 2232 dc
1284 2167 1400 2232 ceteris
1435 2185 1565 2248 quoque

333 2275 489 2355 catalogis
510 2274 704 2340 scholiorum
720 2275 1030 2357 Aristophaneorum
1046 2276 1088 2341 ad
1103 2293 1213 2342 verum
1228 2273 1450 2356 perveniatur:
1467 2273 1564 2338 modo

332 2381 543 2445 excludantur
570 2382 716 2447 nonnulli
740 2382 842 2466 [uelut
865 2381 1059 2466 Sibyllarum
1081 2381 1299 2464 Bacidumque
1322 2379 1459 2464 indices]
1483 2399 1564 2446 neve

333 2487 427 2554 fallat
473 2491 656 2571 aporiatum
702 2509 803 2571 genus
849 2489 952 2574 [velut
996 2489 1166 2574 Molones].
1235 2487 1362 2554 Etenim
1407 2507 1468 2554 nec
1505 2489 1564 2553 Di-

334 2596 447 2678 dymus
460 2592 514 2680 ¹⁴⁴)
549 2615 609 2663 nec
639 2597 890 2678 Eratosthenes,
931 2598 970 2662 de
1005 2595 1121 2678 quibus
1156 2594 1246 2661 luere
1280 2596 1335 2677 qui
1370 2596 1563 2677 cogitarent,

333 2703 407 2768 illos
446 2709 707 2786 composnenmt3
746 2723 851 2788 neque
888 2705 922 2768 in
961 2709 1032 2770 arto
1071 2701 1334 2792 κωμῳδουμένων
1371 2721 1450 2786 gyro
1489 2721 1564 2768 con·

333 2811 477 2876 tinentur
513 2808 702 2896 omnes¹⁴⁵),
739 2811 796 2878 sed
828 2831 869 2877 ex
896 2811 1053 2894 ampliore
1082 2814 1155 2896 περὶ
1182 2807 1364 2894 ὁμωνύμων
1392 2829 1490 2892 opere
1517 2811 1564 2877 vi·

335 2917 451 2983 dentur
486 2918 642 3000 excerpti;
677 2917 813 2985 observa
847 2919 942 2985 modo
971 2917 1131 2984 rationem
1159 2917 1285 2982 dicendi
1312 2917 1411 2984 schol.
1446 2918 1479 2983 in
1506 2918 1562 2983 Ar.

244 3101 249 3112 Ι
334 3042 403 3105 pac.
435 3027 514 3090 928:
563 3024 749 3107 Theogenes
783 3043 917 3108 pauper.
953 3025 1018 3090 ἐστι
1052 3024 1089 3091 δέ
1122 3028 1177 3089 καί
1211 3023 1313 3099 ἄλλος
1346 3028 1512 3110 Θεαγένης
1546 3020 1568 3089 ὅ

335 3131 391 3205 είς
411 3128 571 3217 ΙΌμηρον
600 3130 772 3220 γράψας,
806 3131 860 3196 καὶ
887 3130 923 3209 ὃς
951 3125 1002 3216 [ὃς
1030 3136 1085 3197 καί
1111 3131 1202 3198 codd.
1232 3131 1328 3196 aliter
1358 3130 1564 3216 Sengebusth

334 3285 548 3295 —.

407 3359 458 3432 ¹⁴³)
475 3360 516 3415 cf.
529 3360 671 3416 Laertinm
683 3359 712 3414 11
730 3363 794 3416 104:
815 3359 1045 3434 [Theodoromm]
1065 3363 1213 3423 δωδέκατος
1226 3359 1377 3433 ζωγράφος,
1390 3353 1422 3416 οὗ
1433 3366 1564 3434 μέμνηται

335 3455 473 3524 Πολέμων.
501 3451 541 3506 IV
559 3454 605 3508 58:
626 3451 766 3522 [Bionum]
790 3451 887 3522 ὄγδοος
905 3451 1033 3518 Μιλήσιος
1058 3450 1293 3523 ἀνδριαντοποιός,
1316 3444 1348 3504 οὗ
1371 3455 1502 3524 μέμνηται
1518 3454 1564 3506 καί

335 3545 472 3612 Πολέμων.
501 3540 526 3595 V
545 3543 590 3597 85:
611 3539 839 3610 [Demetriorum]
858 3545 977 3613 πέμπτος
994 3540 1223 3613 ἀνδριαντοποιός,
1237 3534 1268 3594 οὗ
1280 3544 1413 3613 μέμνηται
1425 3545 1562 3614 Πολέμων.

407 3629 458 3700 ¹⁴⁴)
478 3630 568 3685 Schol.
587 3629 636 3684 Ar.
655 3645 712 3684 ran.
731 3632 778 3686 55:
803 3630 949 3702 Δίδυμος
972 3651 1062 3701 φησιν,
1086 3628 1125 3685 ὅτι
1149 3631 1198 3686 δύο
1217 3629 1345 3692 Μόλωνές
1368 3635 1438 3686 ιίοιν
1460 3629 1474 3685 ὁ
1498 3628 1563 3686 ὑπο-

335 3715 421 3790 κριτὴς
439 3721 485 3773 καί
503 3716 517 3774 ὃ
534 3718 694 3785 λωποδύτης,
722 3719 785 3773 hinc
800 3719 897 3775 Suidas
916 3735 937 3774 e.
957 3737 982 3775 v.
999 3722 1136 3788 Apertum
1157 3726 1200 3776 ost
1224 3735 1258 3774 ex
1280 3720 1333 3775 hoc
1351 3721 1475 3791 exemplo
1494 3721 1563 3775 nihil

336 3809 461 3863 concludi
478 3825 568 3878 posse.

407 3897 457 3969 ¹⁴⁵)
477 3899 568 3954 Schol.
593 3899 643 3952 Ar.
670 3898 735 3955 nub.
765 3899 845 3954 1022:
878 3897 1059 3970 [Antimachi]
1085 3895 1099 3953 ὅ
1122 3903 1160 3961 τίς
1183 3895 1311 3966 θηλύτητα
1333 3899 1561 3974 κωμῳδούμενος·

336 3988 389 4043 lori
407 3989 437 4042 δέ
450 3989 496 4043 καί
507 3990 591 4062 ἕτερος
601 3988 645 4043 ani
656 3993 771 4061 πονηρίᾳ
783 3987 1011 4062 κωμῳδούμενος·
1030 3995 1113 4060 τρίτος
1132 3985 1146 4043 ὃ
1159 3987 1288 4051 Ψοκάάος
1299 3988 1459 4062 λεγόμενος·
1478 3996 1563 4062 τέταρ-

335 4098 378 4139 τος
395 4075 567 4150 ὃτραιτεζίτης
580 4071 611 4132 οὗ
623 4081 754 4151 μέμνηται
765 4077 911 4140 Εὔπολις
929 4082 958 4134 έν
969 4079 1080 4153 Δήμοις·
1099 4082 1247 4151 πέμπτος
1262 4075 1276 4133 ὁ
1290 4079 1562 4152 ἱστοριογράφος.

372 4167 462 4222 Schol.
480 4167 530 4222 Ar.
548 4182 613 4222 aves
631 4168 696 4223 822:
724 4168 775 4223 ιίσί
802 4168 833 4222 δέ
859 4168 904 4221 καί
930 4167 1006 4222 ἄλλοι
1033 4167 1082 4223 δύο
1101 4170 1284 4240 Θιαγένιις
1311 4171 1350 4229 τίς
1372 4169 1426 4241 μέν
1451 4166 1466 4224 ὃ
1488 4170 1564 4240 περί

330 4253 473 4330 ὀμηρου
496 4256 631 4330 γράψας
654 4257 737 4329 ἕτερος
764 4257 793 4311 δ’
818 4255 832 4312 ὁ
855 4257 899 4312 cni
922 4262 1042 4331 μαλακίᾳ
1066 4257 1260 4330 σκωπτόμενος.
1278 4287 1312 4298 -··
1331 4260 1564 4331 κωμῳδουμένους

337 4347 403 4403 alibi
430 4346 517 4417 tangit
545 4348 625 4403 solos.
650 4347 691 4402 cf.
720 4347 805 4404 schol.
832 4347 861 4403 in
884 4348 932 4403 Ar.
960 4347 1029 4418 plut.
1055 4351 1116 4404 180:
1144 4348 1237 4403 πολλοὶ
1263 4349 1294 4402 δέ
1320 4347 1452 4420 raptores
1479 4369 1562 4422 κωμῳ

337 4439 445 4493 dodorus
462 4442 513 4493 κτλ.
