3420 5408
257 475 377 538 ·68

334 652 458 732 graecis
492 649 694 734 minorihus’]
730 650 770 716 de
805 650 950 716 Platonis
984 648 1081 714 rebus
1117 648 1231 731 gestis,
1273 646 1328 711 ille
1363 645 1493 712 scholiis
1527 645 1564 710 in

331 758 529 823 Alcibiadem
560 758 714 839 primum,
743 756 796 822 hic
823 756 1061 839 prolegomenis
1089 756 1122 820 in
1151 753 1388 837 philosophiam
1415 753 1564 818 Platonis

332 865 521 945 conscriptis
544 865 790 945 praemiserunt,
815 865 856 928 ad
872 863 1176 945 Neoplatouicorum
1200 861 1307 927 studia
1331 858 1564 926 transicmuata

331 976 420 1050 suut,
450 972 496 1035 ita
524 972 653 1052 quidem
681 975 719 1036 ut
744 971 870 1036 novicia
893 971 950 1034 illa
980 970 1146 1036 involucra
1180 967 1266 1032 facili
1299 967 1429 1048 negotio
1453 967 1563 1030 detra·

328 1077 457 1142 hantur.
517 1077 637 1154 Quodsi
671 1076 766 1142 hodie
806 1078 1040 1159 negleguntur,
1079 1076 1207 1142 aliunde
1242 1073 1465 1154 explicandum
1500 1076 1560 1134 est.

331 1184 506 1265 ‘Uterque',
531 1184 632 1264 aiunt,
658 1184 833 1249 ‘Laertium
849 1184 1022 1264 descripsit
1045 1182 1164 1266 [Zellcr
1179 1181 1222 1247 11³
1244 1202 1276 1262 p.
1294 1180 1383 1263 337]‚
1408 1177 1562 1243 nonnulla

329 1290 438 1355 hausit
466 1309 506 1354 ex
536 1291 764 1372 Olympiodoro
798 1291 982 1372 Anonymus
1011 1289 1067 1373 [ih.
1092 1311 1123 1371 p.
1142 1288 1242 1372 340]'.
1297 1287 1415 1352 Vilitas
1449 1304 1560 1350 aarum

329 1398 429 1478 igitur
463 1399 496 1460 in
532 1417 569 1461 eo
604 1398 711 1478 posita
744 1402 845 1476 esset,
881 1397 966 1478 quod
1001 1397 1179 1477 penderent
1215 1414 1252 1458 ex
1281 1394 1438 1475 scriptore
1467 1393 1560 1456 nohis

326 1509 465 1568 servato.
513 1504 603 1581 Quod
626 1504 758 1585 quidem
782 1523 853 1570 cum
876 1504 1047 1568 nemodum
1072 1502 1355 1580 demonstraverit,
1386 1501 1560 1564 etiamnum

326 1616 376 1673 est
400 1610 495 1676 duhio
520 1610 700 1675 obnoxium.

352 1779 358 1791 ,
414 1718 457 1782 Et
480 1719 618 1798 primum
640 1717 770 1799 quidem
793 1753 838 1766 -
860 1723 988 1782 utrem
1015 1716 1217 1798 exploremus
1242 1751 1283 1760 —-
1311 1713 1559 1796 Olympiodorus

325 1824 371 1887 de
394 1825 579 1890 Platonis
602 1825 686 1889 vita
708 1841 872 1904 nunquam
895 1824 1050 1888 excitavit
1074 1828 1236 1901 auctores3
1274 1822 1301 1885 si
1325 1839 1405 1902 quos
1429 1821 1558 1900 excitat,

326 1936 469 1995 autnon
493 1932 535 1994 ad
565 1932 664 1996 vitam
698 1931 842 2010 respexit
871 1935 927 1996 aut
950 1931 1053 2012 ipsius
1076 1930 1221 1996 Platonis
1244 1928 1389 1993 laudavit
1413 1927 1559 2007 dialogos

326 2038 526 2119 maximeque
551 2056 616 2118 cos,
641 2056 721 2119 quos
745 2038 886 2118 propriis
909 2038 1063 2104 instruxit
1087 2036 1338 2115 commentariis,
1362 2034 1451 2103 velut
1474 2033 1559 2098 Alci-

330 2142 458 2208 biadem
482 2139 549 2228 1⁷⁰)
578 2148 611 2208 et
643 2141 858 2225 Gorgiamfl).
886 2181 932 2192 --
962 2145 1012 2208 De
1040 2144 1136 2210 rebus
1165 2164 1185 2208 a
1213 2142 1358 2208 Platonis
1392 2142 1460 2206 vita
1494 2141 1559 2205 dis-

325 2251 443 2316 iunctis
453 2255 521 2314 tres
531 2255 633 2316 testes
643 2252 683 2316 ab
693 2251 920 2334 Olympiodoro
930 2249 1159 2332 producuntur,
1174 2248 1558 2331 etAristidesquidem
1594 2245 1596 2249 ’
1687 2251 1688 2332 j

321 2357 457 2422 rhetor
486 2377 548 2422 nen
578 2359 647 2423 sine
671 2360 775 2423 ironia
798 2377 828 2438 p.
848 2359 883 2438 3,
909 2359 929 2421 5
954 2377 1033 2439 sqq:
1063 2355 1226 2421 στέλλεται
1253 2362 1309 2420 καὶ
1336 2359 1382 2431 εἷς
1405 2355 1559 2418 Σικελίαν

322 2461 526 2546 θεασόμενος
548 2466 621 2538 τούς
644 2472 805 2551 κρατῆρας
827 2472 884 2530 τοῦ
913 2462 1014 2548 πορδς
1036 2465 1073 2530 ἓν
1095 2469 1130 2553 τῇ
1152 2466 1270 2549 Αἴτνη,
1298 2469 1353 2526 καὶ
1377 2459 1414 2529 οὗ
1436 2460 1560 2526 Σικελι-

323 2570 378 2653 κῆς
393 2572 545 2656 τραπέζης
561 2570 666 2655 χάριν,
688 2570 712 2634 ὦ
732 2585 893 2652 γενναῖε
910 2569 1141 2656 Ἀριστείδη,
1166 2569 1208 2645 ὥς
1223 2569 1263 2636 σό
1277 2593 1338 2658 ηης
1354 2576 1387 2637 et
1402 2589 1433 2651 p.
1448 2571 1478 2649 3,
1495 2571 1555 2632 46;

321 2677 395 2760 περὶ
419 2672 458 2743 οὗ
481 2678 535 2761 [de
552 2679 759 2763 Anniceride]
776 2683 831 2741 καὶ
848 2679 1041 2766 Ἀριστείδης
1059 2684 1166 2764 φησίν,
1183 2676 1231 2742 ότι
1247 2673 1351 2750 οὐδεὶς
1366 2676 1557 2758 ἐγίγνωσκεν

323 2785 365 2848 δν
380 2781 567 2869 Ἀννίκεριν,
591 2787 621 2848 εί
641 2785 684 2870 μη
704 2783 867 2849 Πλότιονα
891 2786 1037 2868 ἐπρίατο.
1071 2785 1231 2850 Aristides
1247 2786 1332 2850 enim
1356 2788 1557 2850 cumcontra

311 2893 476 2974 ‘Gorgiam
507 2892 722 2973 Platonicum,
753 2913 816 2974 quo
847 2893 887 2956 iis
916 2893 970 2974 qui
999 2909 1106 2956 coram
1135 2892 1254 2972 populo
1282 2891 1380 2956 verba
1410 2889 1556 2956 facerent

322 3000 514 3079 praesertim
538 2999 678 3063 Miltiadi
702 2999 908 3064 Themistocli
936 2999 1059 3064 Cimoni
1082 2998 1200 3062 Pericli
1223 3017 1331 3064 rerum
1353 2997 1555 3079 publicarum

321 3106 451 3170 inscitia
475 3107 697 3187 exprobratur,
721 3127 780 3188 pro
799 3107 1030 3188 quattuorviris
1053 3105 1118 3170 illis
1136 3105 1342 3185 declamaret,
1367 3124 1405 3169 eo
1422 3105 1553 3186 potissi-

321 3232 408 3276 mum
436 3212 645 3294 efferbuerat,
676 3214 761 3295 quod
790 3215 888 3279 istam
916 3218 1082 3280 oratorum
1111 3213 1273 3278 inscitiam
1296 3212 1449 3277 Mithaeci
1478 3217 1554 3295 περὶ

322 3315 500 3404 ὀψοποιίας
523 3321 691 3401 scriptoris
715 3322 747 3384 in
771 3326 842 3384 arte
866 3321 1013 3403 gymnica
1036 3320 1239 3400 ignorantiae
1262 3318 1349 3384 haud
1372 3318 1552 3400 absimilem

320 3425 414 3491 Plato
433 3427 567 3491 dixisset
585 3427 696 3510 [Gorg.
722 3448 752 3509 p.
769 3429 833 3491 518
846 3427 896 3510 B].
931 3427 1046 3507 Itaque
1064 3428 1111 3492 sic
1127 3441 1233 3492 coram
1250 3427 1386 3492 Platone
1405 3431 1552 3490 oratores

320 3531 489 3614 loquentes
513 3534 592 3600 facit
614 3555 647 3617 p.
665 3536 744 3598 229:
770 3534 882 3617 ἐπειδὴ
909 3533 944 3598 δὲ
968 3533 1021 3596 καί
1045 3537 1206 3620 Materiam
1230 3530 1446 3618 προσεικόζεις
1469 3528 1554 3616 ἡμᾶς

392 3777 428 3848 ⁷⁰)
446 3795 472 3848 p.
493 3782 517 3848 2,
538 3781 553 3834 2
573 3781 619 3834 καί
639 3777 652 3834 ὁ
675 3769 841 3849 Ἀλκιβιάδης
864 3781 892 3832 δὲ
917 3777 980 3850 παρ’
1006 3778 1078 3848 aere
1099 3779 1131 3833 τὰ
1155 3785 1215 3849 τρία
1234 3779 1466 3849 ταῦταιηαίνεται
1488 3797 1550 3833 παι-

320 3870 440 3930 δευθείς·
460 3870 504 3922 διὸ
523 3875 569 3922 καί
589 3888 653 3939 φησι
671 3871 738 3940 πρὸς
757 3871 838 3922 αὐτὸν
856 3871 1000 3945 Σωκρότης
1020 3869 1117 3923 ιαὐλεῖν
1136 3871 1165 3922 δι’
1186 3869 1233 3922 οὐκ
1252 3869 1368 3938 rpottoa’
1391 3874 1445 3924 κτλ
1482 3869 1550 3936 Qui·

319 3956 434 4010 boscum
447 3956 644 4025 comparandus
655 3958 788 4010 commin
800 3959 856 4011 Alc.
868 3959 880 4010 Ι
894 3957 1025 4028 [Oreuzer
1039 3958 1128 4012 ‘initia
1140 3956 1330 4026 philosophiae
1344 3964 1373 4012 et
1386 3959 1548 4028 theologiae’

319 4045 347 4098 II
365 4062 392 4114 p.
414 4045 472 4116 ll]:
492 4045 660 4100 δεικνύουσιν
684 4042 732 4100 οὗν
752 4047 798 4100 τὸν
813 4046 990 4116 Ἀλκιβιάδην,
1017 4044 1052 4107 ὡς
1071 4051 1181 4116 εἴρηται,
1204 4047 1270 4119 μήτε
1293 4048 1426 4102 καθ’·ἕνα
1450 4047 1549 4118 τρόπον

319 4136 419 4206 γνόντα
437 4136 469 4189 τὰ
488 4135 610 4188 πολιτικοί
624 4133 749 4207 ..μόνον
768 4137 823 4206 γὰρ
841 4134 991 4210 γράμματα
1010 4139 1056 4190 καί
1077 4136 1210 4209 μουσικὴν
1227 4139 1274 4190 καὶ
1295 4141 1419 4191 παλαίειν
1437 4143 1547 4209 ἔμαθεν.

392 4223 429 4293 ⁷¹)
447 4240 473 4291 p.
492 4227 517 4291 4,
537 4225 553 4278 3
574 4224 616 4277 διὸ
637 4226 683 4278 καί
702 4229 730 4277 ἐν
749 4231 850 4295 Γοργίᾳ
870 4232 951 4296 φησίν
969 4228 1023 4279 κτλ.
1043 4226 1086 4279 διὸ
1106 4228 1152 4278 καὶ
1166 4264 1189 4276 ..
1204 4227 1228 4290 2,
1248 4227 1273 4280 3.
1292 4229 1317 4294 4,
1331 4227 1356 4280 3.
1378 4229 1418 4280 11.
1450 4225 1548 4279 Cetera

321 4327 390 4378 quae
410 4312 444 4365 ad
463 4312 587 4366 Platonis
607 4313 728 4382 dialogos
747 4319 871 4381 spectant
895 4321 987 4367 utrum
1007 4313 1041 4368 ad
1061 4314 1137 4367 illum
1156 4329 1190 4368 an
1209 4315 1243 4368 ad
1262 4313 1365 4367 fontem
1383 4313 1547 4384 referantur,

320 4399 375 4454 dici
394 4401 514 4454 nondum
532 4409 633 4470 potest.
