<?xml version="1.0" encoding="UTF-8"?>
<!DOCTYPE html PUBLIC "-//W3C//DTD XHTML 1.0 Transitional//EN"
    "http://www.w3.org/TR/xhtml1/DTD/xhtml1-transitional.dtd">
<html xmlns="http://www.w3.org/1999/xhtml" xml:lang="en" lang="en">
 <head>
  <title>
</title>
<meta http-equiv="Content-Type" content="text/html;charset=utf-8" />
  <meta name='ocr-system' content='tesseract 3.04.00' />
  <meta name='ocr-capabilities' content='ocr_page ocr_carea ocr_par ocr_line ocrx_word'/>
</head>
<body>
  <div class='ocr_page' id='page_1' title='image "./debiographisgra01maasgoog_0013.png"; bbox 0 0 3420 5408; ppageno 0'>
   <div class='ocr_carea' id='block_1_1' title="bbox 682 1438 1148 1522">
    <p class='ocr_par' dir='ltr' id='par_1_1' title="bbox 682 1438 1148 1522">
     <span class='ocr_line' id='line_1_1' title="bbox 682 1438 1148 1522; baseline -0.002 -18"><span class='ocrx_word' id='word_1_1' title='bbox 682 1439 713 1504; x_wconf 92' lang='grc' dir='ltr'>Ι.</span> <span class='ocrx_word' id='word_1_2' title='bbox 750 1438 802 1506; x_wconf 89' lang='lat' dir='ltr'>De</span> <span class='ocrx_word' id='word_1_3' title='bbox 825 1438 950 1506; x_wconf 87' lang='lat' dir='ltr'>Diocle</span> <span class='ocrx_word' id='word_1_4' title='bbox 973 1439 1148 1522; x_wconf 78' lang='lat' dir='ltr'>Magnete.</span> 
     </span>
    </p>
   </div>
   <div class='ocr_carea' id='block_1_2' title="bbox 300 1615 1593 4287">
    <p class='ocr_par' dir='ltr' id='par_1_2' title="bbox 300 1615 1593 4287">
     <span class='ocr_line' id='line_1_2' title="bbox 388 1615 1525 1700; baseline 0 -17"><span class='ocrx_word' id='word_1_5' title='bbox 388 1620 564 1683; x_wconf 81' lang='lat' dir='ltr'>ductorum</span> <span class='ocrx_word' id='word_1_6' title='bbox 580 1615 853 1699; x_wconf 91' lang='lat' dir='ltr'>quosnominavit</span> <span class='ocrx_word' id='word_1_7' title='bbox 868 1616 1078 1698; x_wconf 86' lang='lat' dir='ltr'>paucissimos</span> <span class='ocrx_word' id='word_1_8' title='bbox 1109 1618 1288 1700; x_wconf 84' lang='lat' dir='ltr'>inspexisse</span> <span class='ocrx_word' id='word_1_9' title='bbox 1306 1619 1409 1700; x_wconf 92' lang='lat' dir='ltr'>ipsum</span> <span class='ocrx_word' id='word_1_10' title='bbox 1428 1619 1525 1683; x_wconf 90' lang='lat' dir='ltr'>Laer-</span> 
     </span>
     <span class='ocr_line' id='line_1_3' title="bbox 300 1724 1528 1808; baseline -0.002 -16"><span class='ocrx_word' id='word_1_11' title='bbox 300 1728 381 1792; x_wconf 86' lang='lat' dir='ltr'>tium</span> <span class='ocrx_word' id='word_1_12' title='bbox 416 1744 487 1790; x_wconf 90' lang='lat' dir='ltr'>cum</span> <span class='ocrx_word' id='word_1_13' title='bbox 509 1725 603 1790; x_wconf 86' lang='lat' dir='ltr'>facile</span> <span class='ocrx_word' id='word_1_14' title='bbox 628 1730 807 1790; x_wconf 87' lang='lat' dir='ltr'>ceterorum</span> <span class='ocrx_word' id='word_1_15' title='bbox 832 1724 987 1789; x_wconf 92' lang='lat' dir='ltr'>eiusmodi</span> <span class='ocrx_word' id='word_1_16' title='bbox 1011 1725 1165 1789; x_wconf 88' lang='lat' dir='ltr'>librorum</span> <span class='ocrx_word' id='word_1_17' title='bbox 1191 1727 1430 1808; x_wconf 89' lang='lat' dir='ltr'>comparatione</span> <span class='ocrx_word' id='word_1_18' title='bbox 1454 1746 1528 1792; x_wconf 94' lang='lat' dir='ltr'>con·</span> 
     </span>
     <span class='ocr_line' id='line_1_4' title="bbox 301 1815 1528 1916; baseline -0.001 -17"><span class='ocrx_word' id='word_1_19' title='bbox 301 1839 377 1915; x_wconf 89' lang='lat' dir='ltr'>stat,</span> <span class='ocrx_word' id='word_1_20' title='bbox 402 1833 442 1898; x_wconf 92' lang='lat' dir='ltr'>de</span> <span class='ocrx_word' id='word_1_21' title='bbox 466 1851 530 1915; x_wconf 89' lang='lat' dir='ltr'>qua</span> <span class='ocrx_word' id='word_1_22' title='bbox 552 1831 685 1897; x_wconf 81' lang='lat' dir='ltr'>inferius</span> <span class='ocrx_word' id='word_1_23' title='bbox 716 1832 884 1897; x_wconf 88' lang='lat' dir='ltr'>dicendum</span> <span class='ocrx_word' id='word_1_24' title='bbox 916 1837 982 1912; x_wconf 87' lang='lat' dir='ltr'>est,</span> <span class='ocrx_word' id='word_1_25' title='bbox 1012 1838 1080 1897; x_wconf 93' lang='lat' dir='ltr'>tum</span> <span class='ocrx_word' id='word_1_26' title='bbox 1112 1835 1219 1916; x_wconf 90' lang='lat' dir='ltr'>ampla</span> <span class='ocrx_word' id='word_1_27' title='bbox 1249 1815 1528 1915; x_wconf 78' lang='lat' dir='ltr'>argumentatione</span> 
     </span>
     <span class='ocr_line' id='line_1_5' title="bbox 302 1939 1531 2027; baseline 0.001 -20"><span class='ocrx_word' id='word_1_28' title='bbox 302 1941 502 2008; x_wconf 91' lang='lat' dir='ltr'>Bahnschius</span> <span class='ocrx_word' id='word_1_29' title='bbox 532 1939 740 2006; x_wconf 87' lang='lat' dir='ltr'>confirmavit.</span> <span class='ocrx_word' id='word_1_30' title='bbox 792 1939 914 2005; x_wconf 85' lang='lat' dir='ltr'>Dioclis</span> <span class='ocrx_word' id='word_1_31' title='bbox 942 1940 1102 2022; x_wconf 82' lang='lat' dir='ltr'>Magnetis</span> <span class='ocrx_word' id='word_1_32' title='bbox 1133 1941 1308 2026; x_wconf 74' lang='grc' dir='ltr'><em>ἐπιδρομήν</em></span> <span class='ocrx_word' id='word_1_33' title='bbox 1342 1941 1531 2027; x_wconf 73' lang='grc' dir='ltr'><em>φιλοσόφων</em></span> 
     </span>
     <span class='ocr_line' id='line_1_6' title="bbox 300 2048 1531 2133; baseline -0.001 -17"><span class='ocrx_word' id='word_1_34' title='bbox 300 2053 370 2133; x_wconf 89' lang='lat' dir='ltr'>ipse</span> <span class='ocrx_word' id='word_1_35' title='bbox 399 2050 566 2131; x_wconf 80' lang='lat' dir='ltr'>idque-</span> <span class='ocrx_word' id='word_1_36' title='bbox 594 2053 752 2130; x_wconf 90' lang='lat' dir='ltr'>quatenus</span> <span class='ocrx_word' id='word_1_37' title='bbox 787 2048 891 2113; x_wconf 88' lang='lat' dir='ltr'>adbuc</span> <span class='ocrx_word' id='word_1_38' title='bbox 926 2049 1087 2130; x_wconf 89' lang='lat' dir='ltr'>cognitum</span> <span class='ocrx_word' id='word_1_39' title='bbox 1120 2054 1170 2113; x_wconf 92' lang='lat' dir='ltr'>est</span> <span class='ocrx_word' id='word_1_40' title='bbox 1200 2087 1237 2094; x_wconf 94' lang='lat'>—</span> <span class='ocrx_word' id='word_1_41' title='bbox 1269 2050 1356 2115; x_wconf 91' lang='lat' dir='ltr'>solus</span> <span class='ocrx_word' id='word_1_42' title='bbox 1391 2055 1423 2116; x_wconf 90' lang='lat' dir='ltr'>et</span> <span class='ocrx_word' id='word_1_43' title='bbox 1450 2051 1531 2132; x_wconf 91' lang='lat' dir='ltr'>legit</span> 
     </span>
     <span class='ocr_line' id='line_1_7' title="bbox 302 2155 1530 2239; baseline -0.001 -16"><span class='ocrx_word' id='word_1_44' title='bbox 302 2163 335 2223; x_wconf 89' lang='lat' dir='ltr'>et</span> <span class='ocrx_word' id='word_1_45' title='bbox 359 2157 527 2239; x_wconf 75' lang='lat' dir='ltr'>excerpsit.</span> <span class='ocrx_word' id='word_1_46' title='bbox 575 2156 624 2220; x_wconf 88' lang='lat' dir='ltr'>Ad</span> <span class='ocrx_word' id='word_1_47' title='bbox 647 2155 778 2220; x_wconf 79' lang='lat' dir='ltr'>verbum</span> <span class='ocrx_word' id='word_1_48' title='bbox 804 2155 888 2219; x_wconf 87' lang='lat' dir='ltr'>enim</span> <span class='ocrx_word' id='word_1_49' title='bbox 912 2175 950 2220; x_wconf 87' lang='lat' dir='ltr'>ex</span> <span class='ocrx_word' id='word_1_50' title='bbox 973 2156 1084 2220; x_wconf 90' lang='lat' dir='ltr'>Diocle</span> <span class='ocrx_word' id='word_1_51' title='bbox 1114 2175 1183 2221; x_wconf 91' lang='lat' dir='ltr'>cum</span> <span class='ocrx_word' id='word_1_52' title='bbox 1213 2157 1290 2221; x_wconf 91' lang='lat' dir='ltr'>alibi</span> <span class='ocrx_word' id='word_1_53' title='bbox 1313 2156 1434 2222; x_wconf 87' lang='lat' dir='ltr'>latetur</span> <span class='ocrx_word' id='word_1_54' title='bbox 1462 2163 1530 2238; x_wconf 86' lang='lat' dir='ltr'>tum</span> 
     </span>
     <span class='ocr_line' id='line_1_8' title="bbox 302 2263 1531 2346; baseline -0.001 -15"><span class='ocrx_word' id='word_1_55' title='bbox 302 2267 334 2331; x_wconf 95' lang='lat' dir='ltr'>in</span> <span class='ocrx_word' id='word_1_56' title='bbox 365 2263 501 2330; x_wconf 88' lang='lat' dir='ltr'>Zenonis</span> <span class='ocrx_word' id='word_1_57' title='bbox 530 2265 597 2329; x_wconf 89' lang='lat' dir='ltr'>vita</span> <span class='ocrx_word' id='word_1_58' title='bbox 620 2263 680 2328; x_wconf 90' lang='lat' dir='ltr'>VH</span> <span class='ocrx_word' id='word_1_59' title='bbox 704 2265 746 2327; x_wconf 84' lang='lat'>48</span> <span class='ocrx_word' id='word_1_60' title='bbox 775 2263 951 2345; x_wconf 83' lang='lat' dir='ltr'>longiorem</span> <span class='ocrx_word' id='word_1_61' title='bbox 981 2265 1020 2329; x_wconf 90' lang='lat' dir='ltr'>de</span> <span class='ocrx_word' id='word_1_62' title='bbox 1045 2265 1223 2329; x_wconf 84' lang='lat' dir='ltr'>Stoicorum</span> <span class='ocrx_word' id='word_1_63' title='bbox 1254 2266 1391 2329; x_wconf 89' lang='lat' dir='ltr'>decretis</span> <span class='ocrx_word' id='word_1_64' title='bbox 1422 2264 1531 2346; x_wconf 91' lang='lat' dir='ltr'>dispu-</span> 
     </span>
     <span class='ocr_line' id='line_1_9' title="bbox 302 2369 1530 2455; baseline 0.001 -18"><span class='ocrx_word' id='word_1_65' title='bbox 302 2373 457 2438; x_wconf 81' lang='lat' dir='ltr'>tationem</span> <span class='ocrx_word' id='word_1_66' title='bbox 482 2391 516 2436; x_wconf 93' lang='lat' dir='ltr'>se</span> <span class='ocrx_word' id='word_1_67' title='bbox 545 2369 852 2455; x_wconf 76' lang='lat' dir='ltr'>tr·ausscripsisse⁹).</span> <span class='ocrx_word' id='word_1_68' title='bbox 900 2373 993 2436; x_wconf 90' lang='lat' dir='ltr'>Hunc</span> <span class='ocrx_word' id='word_1_69' title='bbox 1019 2373 1119 2454; x_wconf 89' lang='lat' dir='ltr'>igitur</span> <span class='ocrx_word' id='word_1_70' title='bbox 1147 2373 1290 2438; x_wconf 88' lang='lat' dir='ltr'>Dioclem</span> <span class='ocrx_word' id='word_1_71' title='bbox 1320 2371 1530 2438; x_wconf 89' lang='lat' dir='ltr'>Nietzsoheus</span> 
     </span>
     <span class='ocr_line' id='line_1_10' title="bbox 302 2477 1529 2562; baseline 0 -18"><span class='ocrx_word' id='word_1_72' title='bbox 302 2479 456 2562; x_wconf 84' lang='lat' dir='ltr'>Diogenis</span> <span class='ocrx_word' id='word_1_73' title='bbox 479 2480 687 2561; x_wconf 87' lang='lat' dir='ltr'>praecipuum</span> <span class='ocrx_word' id='word_1_74' title='bbox 710 2477 809 2544; x_wconf 91' lang='lat' dir='ltr'>fuisse</span> <span class='ocrx_word' id='word_1_75' title='bbox 839 2484 1002 2545; x_wconf 84' lang='lat' dir='ltr'>auctorem</span> <span class='ocrx_word' id='word_1_76' title='bbox 1031 2481 1269 2545; x_wconf 87' lang='lat' dir='ltr'>demonstrasse</span> <span class='ocrx_word' id='word_1_77' title='bbox 1299 2480 1360 2544; x_wconf 91' lang='lat' dir='ltr'>sibi</span> <span class='ocrx_word' id='word_1_78' title='bbox 1387 2480 1529 2546; x_wconf 82' lang='lat' dir='ltr'>videtur:</span> 
     </span>
     <span class='ocr_line' id='line_1_11' title="bbox 303 2576 1530 2670; baseline -0.001 -17"><span class='ocrx_word' id='word_1_79' title='bbox 303 2589 379 2653; x_wconf 92' lang='lat' dir='ltr'>inde</span> <span class='ocrx_word' id='word_1_80' title='bbox 402 2586 532 2653; x_wconf 88' lang='lat' dir='ltr'>fluxisse</span> <span class='ocrx_word' id='word_1_81' title='bbox 556 2587 719 2668; x_wconf 85' lang='lat' dir='ltr'>ingentem</span> <span class='ocrx_word' id='word_1_82' title='bbox 742 2587 831 2651; x_wconf 92' lang='lat' dir='ltr'>illam</span> <span class='ocrx_word' id='word_1_83' title='bbox 855 2586 976 2653; x_wconf 89' lang='lat' dir='ltr'>Laertii</span> <span class='ocrx_word' id='word_1_84' title='bbox 1004 2576 1182 2653; x_wconf 88' lang='lat' dir='ltr'>doctrinam</span> <span class='ocrx_word' id='word_1_85' title='bbox 1211 2590 1379 2670; x_wconf 89' lang='lat' dir='ltr'>integram.</span> <span class='ocrx_word' id='word_1_86' title='bbox 1428 2588 1530 2666; x_wconf 83' lang='lat' dir='ltr'>Quam</span> 
     </span>
     <span class='ocr_line' id='line_1_12' title="bbox 303 2694 1530 2776; baseline -0.002 -15"><span class='ocrx_word' id='word_1_87' title='bbox 303 2695 496 2761; x_wconf 87' lang='lat' dir='ltr'>sententiam</span> <span class='ocrx_word' id='word_1_88' title='bbox 521 2696 549 2759; x_wconf 92' lang='lat' dir='ltr'>si</span> <span class='ocrx_word' id='word_1_89' title='bbox 573 2695 644 2776; x_wconf 90' lang='lat' dir='ltr'>quis</span> <span class='ocrx_word' id='word_1_90' title='bbox 669 2695 849 2776; x_wconf 86' lang='lat' dir='ltr'>expendere</span> <span class='ocrx_word' id='word_1_91' title='bbox 873 2694 960 2775; x_wconf 85' lang='lat' dir='ltr'>uelit,</span> <span class='ocrx_word' id='word_1_92' title='bbox 986 2694 1016 2758; x_wconf 94' lang='lat' dir='ltr'>ei</span> <span class='ocrx_word' id='word_1_93' title='bbox 1040 2695 1237 2760; x_wconf 89' lang='lat' dir='ltr'>redeundum</span> <span class='ocrx_word' id='word_1_94' title='bbox 1262 2701 1312 2761; x_wconf 91' lang='lat' dir='ltr'>est</span> <span class='ocrx_word' id='word_1_95' title='bbox 1336 2696 1377 2759; x_wconf 93' lang='lat' dir='ltr'>ad</span> <span class='ocrx_word' id='word_1_96' title='bbox 1392 2694 1530 2759; x_wconf 91' lang='lat' dir='ltr'>Zenonis</span> 
     </span>
     <span class='ocr_line' id='line_1_13' title="bbox 302 2801 1531 2886; baseline -0.001 -17"><span class='ocrx_word' id='word_1_97' title='bbox 302 2805 416 2884; x_wconf 85' lang='lat' dir='ltr'>vitam,</span> <span class='ocrx_word' id='word_1_98' title='bbox 449 2821 543 2886; x_wconf 90' lang='lat' dir='ltr'>quam</span> <span class='ocrx_word' id='word_1_99' title='bbox 575 2803 784 2867; x_wconf 86' lang='lat' dir='ltr'>Nietzscheus</span> <span class='ocrx_word' id='word_1_100' title='bbox 808 2803 900 2884; x_wconf 92' lang='lat' dir='ltr'>quasi</span> <span class='ocrx_word' id='word_1_101' title='bbox 936 2801 1153 2869; x_wconf 89' lang='lat' dir='ltr'>firmissimum</span> <span class='ocrx_word' id='word_1_102' title='bbox 1184 2803 1426 2868; x_wconf 85' lang='lat' dir='ltr'>fundamentum</span> <span class='ocrx_word' id='word_1_103' title='bbox 1457 2803 1531 2868; x_wconf 90' lang='lat' dir='ltr'>sub-</span> 
     </span>
     <span class='ocr_line' id='line_1_14' title="bbox 305 2908 1532 2998; baseline -0.001 -22"><span class='ocrx_word' id='word_1_104' title='bbox 305 2913 431 2976; x_wconf 81' lang='lat' dir='ltr'>struxit.</span> <span class='ocrx_word' id='word_1_105' title='bbox 484 2911 544 2977; x_wconf 89' lang='lat' dir='ltr'>VII</span> <span class='ocrx_word' id='word_1_106' title='bbox 572 2913 614 2976; x_wconf 88' lang='lat'>38</span> <span class='ocrx_word' id='word_1_107' title='bbox 643 2913 730 2998; x_wconf 76' lang='grc' dir='ltr'><em>κοινῇ</em></span> <span class='ocrx_word' id='word_1_108' title='bbox 758 2909 794 2974; x_wconf 74' lang='grc' dir='ltr'>δὲ</span> <span class='ocrx_word' id='word_1_109' title='bbox 822 2915 894 2996; x_wconf 78' lang='grc' dir='ltr'><strong><em>περὶ</em></strong></span> <span class='ocrx_word' id='word_1_110' title='bbox 920 2908 1055 2975; x_wconf 78' lang='grc' dir='ltr'><em>πάντων</em></span> <span class='ocrx_word' id='word_1_111' title='bbox 1089 2917 1152 2975; x_wconf 82' lang='grc' dir='ltr'>τῶν</span> <span class='ocrx_word' id='word_1_112' title='bbox 1185 2912 1327 2975; x_wconf 81' lang='grc' dir='ltr'><em>στωϊκῶν</em></span> <span class='ocrx_word' id='word_1_113' title='bbox 1362 2909 1532 2994; x_wconf 78' lang='grc' dir='ltr'><em>δογμάτων</em></span> 
     </span>
     <span class='ocr_line' id='line_1_15' title="bbox 305 3016 1533 3106; baseline -0.002 -22"><span class='ocrx_word' id='word_1_114' title='bbox 305 3019 396 3097; x_wconf 80' lang='grc' dir='ltr'><em>ἔδοξέ</em></span> <span class='ocrx_word' id='word_1_115' title='bbox 417 3043 473 3102; x_wconf 78' lang='grc' dir='ltr'>μοι</span> <span class='ocrx_word' id='word_1_116' title='bbox 496 3018 534 3084; x_wconf 73' lang='grc' dir='ltr'>ἐν</span> <span class='ocrx_word' id='word_1_117' title='bbox 557 3024 598 3106; x_wconf 76' lang='grc' dir='ltr'>τῷ</span> <span class='ocrx_word' id='word_1_118' title='bbox 621 3016 770 3104; x_wconf 78' lang='grc' dir='ltr'><em>Ζήνωνος</em></span> <span class='ocrx_word' id='word_1_119' title='bbox 794 3021 896 3083; x_wconf 72' lang='grc' dir='ltr'><em>εἰπεῖν</em></span> <span class='ocrx_word' id='word_1_120' title='bbox 919 3021 977 3105; x_wconf 73' lang='grc' dir='ltr'>βίῳ</span> <span class='ocrx_word' id='word_1_121' title='bbox 1001 3019 1057 3082; x_wconf 81' lang='grc' dir='ltr'>διαὶ</span> <span class='ocrx_word' id='word_1_122' title='bbox 1081 3017 1117 3081; x_wconf 81' lang='grc' dir='ltr'>τὸ</span> <span class='ocrx_word' id='word_1_123' title='bbox 1149 3017 1265 3084; x_wconf 78' lang='grc' dir='ltr'><em>τοῦτον</em></span> <span class='ocrx_word' id='word_1_124' title='bbox 1293 3023 1420 3104; x_wconf 78' lang='grc' dir='ltr'><strong><em>κτίστην</em></strong></span> <span class='ocrx_word' id='word_1_125' title='bbox 1448 3023 1533 3099; x_wconf 81' lang='grc' dir='ltr'><em>γενέ-</em></span> 
     </span>
     <span class='ocr_line' id='line_1_16' title="bbox 305 3122 1532 3213; baseline -0.002 -22"><span class='ocrx_word' id='word_1_126' title='bbox 305 3131 387 3191; x_wconf 75' lang='grc' dir='ltr'><em>σθαι</em></span> <span class='ocrx_word' id='word_1_127' title='bbox 403 3129 457 3210; x_wconf 76' lang='grc' dir='ltr'>τῆς</span> <span class='ocrx_word' id='word_1_128' title='bbox 474 3125 638 3212; x_wconf 70' lang='grc' dir='ltr'><em>αἱρέσεως·</em></span> <span class='ocrx_word' id='word_1_129' title='bbox 662 3123 728 3190; x_wconf 74' lang='grc' dir='ltr'>ἐστὶ</span> <span class='ocrx_word' id='word_1_130' title='bbox 744 3128 805 3209; x_wconf 82' lang='grc' dir='ltr'>μὲν</span> <span class='ocrx_word' id='word_1_131' title='bbox 821 3122 993 3192; x_wconf 66' lang='lat' dir='ltr'>obvolvas</span> <span class='ocrx_word' id='word_1_132' title='bbox 1009 3126 1118 3190; x_wconf 77' lang='grc' dir='ltr'><em>καὶτὰ</em></span> <span class='ocrx_word' id='word_1_133' title='bbox 1136 3130 1405 3213; x_wconf 78' lang='grc' dir='ltr'><em>προγεγραμμένα</em></span> <span class='ocrx_word' id='word_1_134' title='bbox 1422 3125 1532 3208; x_wconf 72' lang='grc' dir='ltr'><em>βιβλία</em></span> 
     </span>
     <span class='ocr_line' id='line_1_17' title="bbox 305 3215 1593 3320; baseline -0.002 -22"><span class='ocrx_word' id='word_1_135' title='bbox 305 3233 425 3315; x_wconf 76' lang='grc' dir='ltr'><em>πολλά,</em></span> <span class='ocrx_word' id='word_1_136' title='bbox 450 3237 485 3299; x_wconf 83' lang='grc' dir='ltr'>ε”ν</span> <span class='ocrx_word' id='word_1_137' title='bbox 514 3235 558 3310; x_wconf 77' lang='grc' dir='ltr'>οἷς</span> <span class='ocrx_word' id='word_1_138' title='bbox 589 3232 746 3320; x_wconf 73' lang='grc' dir='ltr'><em>ἐλάλησεν</em></span> <span class='ocrx_word' id='word_1_139' title='bbox 777 3232 818 3308; x_wconf 81' lang='grc' dir='ltr'>ὠς</span> <span class='ocrx_word' id='word_1_140' title='bbox 846 3230 949 3310; x_wconf 76' lang='grc' dir='ltr'><em>οὐδεὶς</em></span> <span class='ocrx_word' id='word_1_141' title='bbox 977 3234 1039 3299; x_wconf 79' lang='grc' dir='ltr'>τῶν</span> <span class='ocrx_word' id='word_1_142' title='bbox 1067 3241 1223 3298; x_wconf 79' lang='grc' dir='ltr'><em>σοωϊκῶν·</em></span> <span class='ocrx_word' id='word_1_143' title='bbox 1252 3235 1292 3298; x_wconf 78' lang='grc' dir='ltr'>τοὶ</span> <span class='ocrx_word' id='word_1_144' title='bbox 1318 3233 1353 3296; x_wconf 80' lang='grc' dir='ltr'>δὲ</span> <span class='ocrx_word' id='word_1_145' title='bbox 1382 3231 1532 3316; x_wconf 78' lang='grc' dir='ltr'><em>δόγματα</em></span> <span class='ocrx_word' id='word_1_146' title='bbox 1589 3215 1593 3220; x_wconf 85' lang='lat'><em>.</em></span> 
     </span>
     <span class='ocr_line' id='line_1_18' title="bbox 306 3338 1534 3427; baseline -0.003 -21"><span class='ocrx_word' id='word_1_147' title='bbox 306 3345 421 3418; x_wconf 80' lang='grc' dir='ltr'><em>κοινῶς</em></span> <span class='ocrx_word' id='word_1_148' title='bbox 454 3342 520 3406; x_wconf 74' lang='grc' dir='ltr'>ἐστι</span> <span class='ocrx_word' id='word_1_149' title='bbox 552 3342 650 3406; x_wconf 80' lang='grc' dir='ltr'><em>τάδε·</em></span> <span class='ocrx_word' id='word_1_150' title='bbox 686 3343 836 3423; x_wconf 70' lang='grc' dir='ltr'><em>λελέχθω</em></span> <span class='ocrx_word' id='word_1_151' title='bbox 872 3343 899 3406; x_wconf 80' lang='grc' dir='ltr'>δ’</span> <span class='ocrx_word' id='word_1_152' title='bbox 935 3342 988 3406; x_wconf 74' lang='grc' dir='ltr'>ἐπὶ</span> <span class='ocrx_word' id='word_1_153' title='bbox 1016 3342 1219 3427; x_wconf 80' lang='grc' dir='ltr'><em>κεφαλαίων,</em></span> <span class='ocrx_word' id='word_1_154' title='bbox 1250 3338 1356 3426; x_wconf 81' lang='grc' dir='ltr'><em>ὥσπερ</em></span> <span class='ocrx_word' id='word_1_155' title='bbox 1390 3341 1445 3405; x_wconf 80' lang='grc' dir='ltr'>καὶ</span> <span class='ocrx_word' id='word_1_156' title='bbox 1479 3339 1534 3403; x_wconf 74' lang='grc' dir='ltr'>ἐπὶ</span> 
     </span>
     <span class='ocr_line' id='line_1_19' title="bbox 307 3448 1533 3535; baseline -0.002 -21"><span class='ocrx_word' id='word_1_157' title='bbox 307 3457 371 3515; x_wconf 78' lang='grc' dir='ltr'>τῶν</span> <span class='ocrx_word' id='word_1_158' title='bbox 394 3449 504 3513; x_wconf 81' lang='grc' dir='ltr'><em>ἄλλων</em></span> <span class='ocrx_word' id='word_1_159' title='bbox 527 3461 634 3517; x_wconf 79' lang='grc' dir='ltr'><em>ποιεῖν</em></span> <span class='ocrx_word' id='word_1_160' title='bbox 657 3448 827 3535; x_wconf 72' lang='grc' dir='ltr'><em>εἰώθαμεν</em></span> <span class='ocrx_word' id='word_1_161' title='bbox 854 3450 918 3516; x_wconf 80' lang='grc' dir='ltr'><strong><em>κτλ.</em></strong></span> <span class='ocrx_word' id='word_1_162' title='bbox 970 3450 1014 3514; x_wconf 86' lang='lat' dir='ltr'>Et</span> <span class='ocrx_word' id='word_1_163' title='bbox 1043 3451 1180 3532; x_wconf 86' lang='lat' dir='ltr'>primum</span> <span class='ocrx_word' id='word_1_164' title='bbox 1209 3449 1336 3533; x_wconf 85' lang='lat' dir='ltr'>quidem</span> <span class='ocrx_word' id='word_1_165' title='bbox 1361 3450 1401 3514; x_wconf 83' lang='lat' dir='ltr'>de</span> <span class='ocrx_word' id='word_1_166' title='bbox 1430 3449 1533 3528; x_wconf 71' lang='lat' dir='ltr'>diver·</span> 
     </span>
     <span class='ocr_line' id='line_1_20' title="bbox 309 3556 1534 3641; baseline -0.004 -15"><span class='ocrx_word' id='word_1_167' title='bbox 309 3561 353 3626; x_wconf 89' lang='lat' dir='ltr'>sis</span> <span class='ocrx_word' id='word_1_168' title='bbox 377 3558 462 3640; x_wconf 89' lang='lat' dir='ltr'>apud</span> <span class='ocrx_word' id='word_1_169' title='bbox 491 3559 616 3624; x_wconf 82' lang='lat' dir='ltr'>Stoicos</span> <span class='ocrx_word' id='word_1_170' title='bbox 646 3558 868 3641; x_wconf 87' lang='lat' dir='ltr'>philosophiae</span> <span class='ocrx_word' id='word_1_171' title='bbox 891 3558 1120 3640; x_wconf 88' lang='lat' dir='ltr'>partitionibus</span> <span class='ocrx_word' id='word_1_172' title='bbox 1144 3557 1305 3640; x_wconf 88' lang='lat' dir='ltr'>disputat,</span> <span class='ocrx_word' id='word_1_173' title='bbox 1335 3576 1471 3639; x_wconf 87' lang='lat' dir='ltr'>quarum</span> <span class='ocrx_word' id='word_1_174' title='bbox 1494 3556 1534 3621; x_wconf 91' lang='lat' dir='ltr'>de</span> 
     </span>
     <span class='ocr_line' id='line_1_21' title="bbox 307 3666 1531 3746; baseline -0.002 -14"><span class='ocrx_word' id='word_1_175' title='bbox 307 3684 440 3732; x_wconf 85' lang='lat' dir='ltr'>numero</span> <span class='ocrx_word' id='word_1_176' title='bbox 458 3684 583 3746; x_wconf 89' lang='lat' dir='ltr'>semper</span> <span class='ocrx_word' id='word_1_177' title='bbox 604 3684 744 3731; x_wconf 91' lang='lat' dir='ltr'>summus</span> <span class='ocrx_word' id='word_1_178' title='bbox 768 3672 840 3732; x_wconf 90' lang='lat' dir='ltr'>erat</span> <span class='ocrx_word' id='word_1_179' title='bbox 863 3685 1045 3732; x_wconf 89' lang='lat' dir='ltr'>consensus.</span> <span class='ocrx_word' id='word_1_180' title='bbox 1082 3667 1130 3730; x_wconf 94' lang='lat' dir='ltr'>De</span> <span class='ocrx_word' id='word_1_181' title='bbox 1148 3666 1258 3730; x_wconf 91' lang='lat' dir='ltr'>ordine</span> <span class='ocrx_word' id='word_1_182' title='bbox 1276 3666 1457 3731; x_wconf 90' lang='lat' dir='ltr'>dubitatum</span> <span class='ocrx_word' id='word_1_183' title='bbox 1474 3669 1531 3730; x_wconf 91' lang='lat' dir='ltr'>est.</span> 
     </span>
     <span class='ocr_line' id='line_1_22' title="bbox 308 3773 1534 3854; baseline -0.001 -15"><span class='ocrx_word' id='word_1_184' title='bbox 308 3775 460 3839; x_wconf 81' lang='lat' dir='ltr'>Diversus</span> <span class='ocrx_word' id='word_1_185' title='bbox 495 3773 595 3854; x_wconf 89' lang='lat' dir='ltr'>igitur</span> <span class='ocrx_word' id='word_1_186' title='bbox 626 3773 776 3840; x_wconf 89' lang='lat' dir='ltr'>Laertius</span> <span class='ocrx_word' id='word_1_187' title='bbox 811 3773 995 3839; x_wconf 90' lang='lat' dir='ltr'>doctissime</span> <span class='ocrx_word' id='word_1_188' title='bbox 1035 3773 1154 3854; x_wconf 91' lang='lat' dir='ltr'>repetit</span> <span class='ocrx_word' id='word_1_189' title='bbox 1189 3774 1366 3838; x_wconf 89' lang='lat' dir='ltr'>sententias</span> <span class='ocrx_word' id='word_1_190' title='bbox 1397 3774 1534 3839; x_wconf 91' lang='lat' dir='ltr'>Zenonis</span> 
     </span>
     <span class='ocr_line' id='line_1_23' title="bbox 310 3879 1533 3963; baseline 0 -17"><span class='ocrx_word' id='word_1_191' title='bbox 310 3881 481 3963; x_wconf 80' lang='lat' dir='ltr'>Chrysippi</span> <span class='ocrx_word' id='word_1_192' title='bbox 509 3879 699 3945; x_wconf 87' lang='lat' dir='ltr'>Archedemi</span> <span class='ocrx_word' id='word_1_193' title='bbox 729 3881 864 3947; x_wconf 89' lang='lat' dir='ltr'>Eudemi</span> <span class='ocrx_word' id='word_1_194' title='bbox 891 3881 1047 3960; x_wconf 83' lang='lat' dir='ltr'>Phaniae3</span> <span class='ocrx_word' id='word_1_195' title='bbox 1084 3880 1238 3962; x_wconf 85' lang='lat' dir='ltr'>Diogenis</span> <span class='ocrx_word' id='word_1_196' title='bbox 1266 3881 1533 3960; x_wconf 82' lang='lat' dir='ltr'>Ptolemaeensis3</span> 
     </span>
     <span class='ocr_line' id='line_1_24' title="bbox 310 3975 1533 4070; baseline -0.001 -17"><span class='ocrx_word' id='word_1_197' title='bbox 310 3987 511 4070; x_wconf 81' lang='lat' dir='ltr'>Apollodori3</span> <span class='ocrx_word' id='word_1_198' title='bbox 543 3975 691 4052; x_wconf 86' lang='lat' dir='ltr'>Panaetii</span> <span class='ocrx_word' id='word_1_199' title='bbox 715 3993 748 4052; x_wconf 94' lang='lat' dir='ltr'>et</span> <span class='ocrx_word' id='word_1_200' title='bbox 770 3988 950 4070; x_wconf 81' lang='lat' dir='ltr'>Posidonii3</span> <span class='ocrx_word' id='word_1_201' title='bbox 983 3987 1161 4066; x_wconf 83' lang='lat' dir='ltr'>Cleanthis3</span> <span class='ocrx_word' id='word_1_202' title='bbox 1193 3988 1330 4052; x_wconf 91' lang='lat' dir='ltr'>Zenonis</span> <span class='ocrx_word' id='word_1_203' title='bbox 1358 3989 1533 4054; x_wconf 87' lang='lat' dir='ltr'>Tarsensis.</span> 
     </span>
     <span class='ocr_line' id='line_1_25' title="bbox 311 4095 1535 4178; baseline 0 -17"><span class='ocrx_word' id='word_1_204' title='bbox 311 4097 393 4161; x_wconf 90' lang='lat' dir='ltr'>Dein</span> <span class='ocrx_word' id='word_1_205' title='bbox 422 4095 559 4178; x_wconf 90' lang='lat' dir='ltr'>logicam</span> <span class='ocrx_word' id='word_1_206' title='bbox 589 4095 766 4161; x_wconf 83' lang='lat' dir='ltr'>Stoicorum</span> <span class='ocrx_word' id='word_1_207' title='bbox 795 4100 988 4178; x_wconf 86' lang='lat' dir='ltr'>pertractat,</span> <span class='ocrx_word' id='word_1_208' title='bbox 1020 4096 1157 4176; x_wconf 89' lang='lat' dir='ltr'>primum</span> <span class='ocrx_word' id='word_1_209' title='bbox 1188 4097 1369 4161; x_wconf 86' lang='lat' dir='ltr'>summatim</span> <span class='ocrx_word' id='word_1_210' title='bbox 1400 4105 1433 4161; x_wconf 88' lang='lat' dir='ltr'>et</span> <span class='ocrx_word' id='word_1_211' title='bbox 1467 4098 1535 4161; x_wconf 90' lang='lat' dir='ltr'>sine</span> 
     </span>
     <span class='ocr_line' id='line_1_26' title="bbox 311 4203 1536 4287; baseline -0.001 -19"><span class='ocrx_word' id='word_1_212' title='bbox 311 4203 569 4272; x_wconf 88' lang='lat' dir='ltr'>testimoniorum</span> <span class='ocrx_word' id='word_1_213' title='bbox 598 4204 704 4285; x_wconf 81' lang='lat' dir='ltr'>copia3</span> <span class='ocrx_word' id='word_1_214' title='bbox 743 4223 806 4287; x_wconf 90' lang='lat' dir='ltr'>qua</span> <span class='ocrx_word' id='word_1_215' title='bbox 834 4205 980 4284; x_wconf 85' lang='lat' dir='ltr'>exposita</span> <span class='ocrx_word' id='word_1_216' title='bbox 1015 4204 1140 4286; x_wconf 89' lang='lat' dir='ltr'>singula</span> <span class='ocrx_word' id='word_1_217' title='bbox 1167 4203 1381 4285; x_wconf 89' lang='lat' dir='ltr'>persequitur.</span> <span class='ocrx_word' id='word_1_218' title='bbox 1429 4203 1536 4268; x_wconf 90' lang='lat' dir='ltr'>Verba</span> 
     </span>
    </p>
   </div>
   <div class='ocr_carea' id='block_1_3' title="bbox 390 4385 1288 4470">
    <p class='ocr_par' dir='ltr' id='par_1_3' title="bbox 390 4385 1288 4470">
     <span class='ocr_line' id='line_1_27' title="bbox 390 4385 1288 4470; baseline -0.004 -16"><span class='ocrx_word' id='word_1_219' title='bbox 390 4385 413 4470; x_wconf 70' lang='lat'>2)</span> <span class='ocrx_word' id='word_1_220' title='bbox 430 4399 556 4455; x_wconf 84' lang='lat' dir='ltr'>Alterum</span> <span class='ocrx_word' id='word_1_221' title='bbox 576 4398 760 4454; x_wconf 83' lang='lat' dir='ltr'>testimonium</span> <span class='ocrx_word' id='word_1_222' title='bbox 780 4396 851 4452; x_wconf 81' lang='lat' dir='ltr'>inira</span> <span class='ocrx_word' id='word_1_223' title='bbox 869 4413 903 4452; x_wconf 85' lang='lat' dir='ltr'>ex</span> <span class='ocrx_word' id='word_1_224' title='bbox 922 4397 1045 4467; x_wconf 89' lang='lat' dir='ltr'>Menippi</span> <span class='ocrx_word' id='word_1_225' title='bbox 1065 4399 1124 4452; x_wconf 83' lang='lat' dir='ltr'>vita</span> <span class='ocrx_word' id='word_1_226' title='bbox 1141 4399 1288 4468; x_wconf 82' lang='lat' dir='ltr'>proferam.</span> 
     </span>
    </p>
   </div>
   <div class='ocr_carea' id='block_1_4' title="bbox 0 0 1733 5408">
    <p class='ocr_par' dir='ltr' id='par_1_4' title="bbox 0 0 1733 5408">
     <span class='ocr_line' id='line_1_28' title="bbox 0 0 1733 5408; baseline 0 0"><span class='ocrx_word' id='word_1_227' title='bbox 0 0 1733 5408; x_wconf 95' lang='lat' dir='ltr'> </span> 
     </span>
    </p>
   </div>
  </div>
 </body>
</html>
