<?xml version="1.0" encoding="UTF-8"?>
<!DOCTYPE html PUBLIC "-//W3C//DTD XHTML 1.0 Transitional//EN"
    "http://www.w3.org/TR/xhtml1/DTD/xhtml1-transitional.dtd">
<html xmlns="http://www.w3.org/1999/xhtml" xml:lang="en" lang="en">
 <head>
  <title>
</title>
<meta http-equiv="Content-Type" content="text/html;charset=utf-8" />
  <meta name='ocr-system' content='tesseract 3.04.00' />
  <meta name='ocr-capabilities' content='ocr_page ocr_carea ocr_par ocr_line ocrx_word'/>
</head>
<body>
  <div class='ocr_page' id='page_1' title='image "./debiographisgra01maasgoog_0153.png"; bbox 0 0 3432 5400; ppageno 0'>
   <div class='ocr_carea' id='block_1_1' title="bbox 329 485 391 550">
    <p class='ocr_par' dir='ltr' id='par_1_1' title="bbox 329 485 391 550">
     <span class='ocr_line' id='line_1_1' title="bbox 329 485 391 550; baseline 0.032 -2"><span class='ocrx_word' id='word_1_1' title='bbox 329 485 391 550; x_wconf 85' lang='lat'>148</span> 
     </span>
    </p>
   </div>
   <div class='ocr_carea' id='block_1_2' title="bbox 274 659 1618 4516">
    <p class='ocr_par' dir='ltr' id='par_1_2' title="bbox 324 659 1546 1826">
     <span class='ocr_line' id='line_1_2' title="bbox 330 659 1544 747; baseline -0.002 -19"><span class='ocrx_word' id='word_1_2' title='bbox 330 664 464 728; x_wconf 91' lang='lat' dir='ltr'>eandem</span> <span class='ocrx_word' id='word_1_3' title='bbox 488 668 599 728; x_wconf 91' lang='lat' dir='ltr'>narrat</span> <span class='ocrx_word' id='word_1_4' title='bbox 622 660 724 747; x_wconf 89' lang='lat' dir='ltr'>(apud</span> <span class='ocrx_word' id='word_1_5' title='bbox 746 661 920 728; x_wconf 86' lang='lat' dir='ltr'><strong>Eusebium</strong></span> <span class='ocrx_word' id='word_1_6' title='bbox 943 660 1018 728; x_wconf 89' lang='lat' dir='ltr'>XIV</span> <span class='ocrx_word' id='word_1_7' title='bbox 1035 659 1124 747; x_wconf 81' lang='lat'>738),</span> <span class='ocrx_word' id='word_1_8' title='bbox 1149 665 1182 726; x_wconf 91' lang='lat' dir='ltr'>et</span> <span class='ocrx_word' id='word_1_9' title='bbox 1205 661 1363 728; x_wconf 90' lang='lat' dir='ltr'>coloribus</span> <span class='ocrx_word' id='word_1_10' title='bbox 1385 662 1452 726; x_wconf 90' lang='lat' dir='ltr'>suis</span> <span class='ocrx_word' id='word_1_11' title='bbox 1476 662 1544 726; x_wconf 91' lang='lat' dir='ltr'>sinc</span> 
     </span>
     <span class='ocr_line' id='line_1_3' title="bbox 328 769 1545 852; baseline 0 -18"><span class='ocrx_word' id='word_1_12' title='bbox 328 769 423 834; x_wconf 92' lang='lat' dir='ltr'>dubio</span> <span class='ocrx_word' id='word_1_13' title='bbox 447 769 560 850; x_wconf 86' lang='lat' dir='ltr'>inbuit,</span> <span class='ocrx_word' id='word_1_14' title='bbox 589 787 649 834; x_wconf 91' lang='lat' dir='ltr'>nec</span> <span class='ocrx_word' id='word_1_15' title='bbox 671 775 779 834; x_wconf 87' lang='lat' dir='ltr'>tamen</span> <span class='ocrx_word' id='word_1_16' title='bbox 802 769 849 834; x_wconf 89' lang='lat' dir='ltr'>ita</span> <span class='ocrx_word' id='word_1_17' title='bbox 872 775 909 836; x_wconf 90' lang='lat' dir='ltr'>ut</span> <span class='ocrx_word' id='word_1_18' title='bbox 937 770 1022 836; x_wconf 90' lang='lat' dir='ltr'>idern</span> <span class='ocrx_word' id='word_1_19' title='bbox 1046 769 1177 835; x_wconf 83' lang='lat' dir='ltr'>subesse</span> <span class='ocrx_word' id='word_1_20' title='bbox 1200 769 1304 852; x_wconf 85' lang='lat' dir='ltr'>possit</span> <span class='ocrx_word' id='word_1_21' title='bbox 1326 773 1448 850; x_wconf 89' lang='lat' dir='ltr'>auctor,</span> <span class='ocrx_word' id='word_1_22' title='bbox 1472 787 1545 834; x_wconf 87' lang='lat' dir='ltr'>nam</span> 
     </span>
     <span class='ocr_line' id='line_1_4' title="bbox 327 872 1545 964; baseline -0.002 -22"><span class='ocrx_word' id='word_1_23' title='bbox 327 875 508 943; x_wconf 89' lang='lat' dir='ltr'>Carneades</span> <span class='ocrx_word' id='word_1_24' title='bbox 535 875 584 940; x_wconf 73' lang='grc' dir='ltr'>ἐπ’</span> <span class='ocrx_word' id='word_1_25' title='bbox 610 872 789 964; x_wconf 77' lang='grc' dir='ltr'><strong><em>αὐτοφώρῳ</em></strong></span> <span class='ocrx_word' id='word_1_26' title='bbox 820 878 987 944; x_wconf 90' lang='lat' dir='ltr'>moechum</span> <span class='ocrx_word' id='word_1_27' title='bbox 1015 876 1240 959; x_wconf 81' lang='lat' dir='ltr'>deprehendit,</span> <span class='ocrx_word' id='word_1_28' title='bbox 1270 875 1324 939; x_wconf 78' lang='grc' dir='ltr'>καὶ</span> <span class='ocrx_word' id='word_1_29' title='bbox 1351 872 1545 957; x_wconf 76' lang='grc' dir='ltr'><strong><em>καταλαβὼν</em></strong></span> 
     </span>
     <span class='ocr_line' id='line_1_5' title="bbox 324 977 1546 1070; baseline 0.001 -24"><span class='ocrx_word' id='word_1_30' title='bbox 324 983 530 1070; x_wconf 77' lang='grc' dir='ltr'><strong><em>παρῃτήσατο</em></strong></span> <span class='ocrx_word' id='word_1_31' title='bbox 560 988 613 1067; x_wconf 78' lang='grc' dir='ltr'>τῆς</span> <span class='ocrx_word' id='word_1_32' title='bbox 642 983 812 1070; x_wconf 74' lang='grc' dir='ltr'><strong><em>διατριβῆς.</em></strong></span> <span class='ocrx_word' id='word_1_33' title='bbox 860 987 944 1051; x_wconf 91' lang='lat' dir='ltr'>unde</span> <span class='ocrx_word' id='word_1_34' title='bbox 977 986 1040 1051; x_wconf 83' lang='lat' dir='ltr'>scis</span> <span class='ocrx_word' id='word_1_35' title='bbox 1074 989 1108 1050; x_wconf 84' lang='lat' dir='ltr'>et</span> <span class='ocrx_word' id='word_1_36' title='bbox 1142 984 1315 1050; x_wconf 84' lang='lat' dir='ltr'>solemnem</span> <span class='ocrx_word' id='word_1_37' title='bbox 1349 977 1546 1068; x_wconf 74' lang='grc' dir='ltr'><strong><em>ἀποκήρυξιν</em></strong></span> 
     </span>
     <span class='ocr_line' id='line_1_6' title="bbox 326 1088 1544 1174; baseline -0.003 -18"><span class='ocrx_word' id='word_1_38' title='bbox 326 1092 474 1174; x_wconf 91' lang='lat' dir='ltr'>discipuli</span> <span class='ocrx_word' id='word_1_39' title='bbox 510 1097 543 1157; x_wconf 88' lang='lat' dir='ltr'>et</span> <span class='ocrx_word' id='word_1_40' title='bbox 577 1091 850 1174; x_wconf 82' lang='lat' dir='ltr'>apophthegmata</span> <span class='ocrx_word' id='word_1_41' title='bbox 879 1093 1028 1159; x_wconf 88' lang='lat' dir='ltr'>Numenii</span> <span class='ocrx_word' id='word_1_42' title='bbox 1058 1090 1140 1158; x_wconf 87' lang='lat' dir='ltr'>fonti</span> <span class='ocrx_word' id='word_1_43' title='bbox 1175 1089 1328 1156; x_wconf 83' lang='lat' dir='ltr'>infuisse?</span> <span class='ocrx_word' id='word_1_44' title='bbox 1363 1091 1396 1154; x_wconf 94' lang='lat' dir='ltr'>in</span> <span class='ocrx_word' id='word_1_45' title='bbox 1430 1088 1544 1172; x_wconf 91' lang='lat' dir='ltr'>quibus</span> 
     </span>
     <span class='ocr_line' id='line_1_7' title="bbox 327 1196 1544 1283; baseline -0.003 -19"><span class='ocrx_word' id='word_1_46' title='bbox 327 1218 449 1264; x_wconf 91' lang='lat' dir='ltr'>summa</span> <span class='ocrx_word' id='word_1_47' title='bbox 471 1197 526 1265; x_wconf 90' lang='lat' dir='ltr'>&#39;rei</span> <span class='ocrx_word' id='word_1_48' title='bbox 554 1206 604 1265; x_wconf 92' lang='lat' dir='ltr'>est</span> <span class='ocrx_word' id='word_1_49' title='bbox 631 1200 717 1282; x_wconf 90' lang='lat' dir='ltr'>apud</span> <span class='ocrx_word' id='word_1_50' title='bbox 740 1200 925 1283; x_wconf 87' lang='lat' dir='ltr'>Diogenem.</span> <span class='ocrx_word' id='word_1_51' title='bbox 963 1202 1019 1268; x_wconf 92' lang='lat' dir='ltr'>sed</span> <span class='ocrx_word' id='word_1_52' title='bbox 1048 1203 1135 1266; x_wconf 91' lang='lat' dir='ltr'>certo</span> <span class='ocrx_word' id='word_1_53' title='bbox 1165 1202 1274 1281; x_wconf 91' lang='lat' dir='ltr'>potest</span> <span class='ocrx_word' id='word_1_54' title='bbox 1301 1197 1372 1278; x_wconf 92' lang='lat' dir='ltr'>dici,</span> <span class='ocrx_word' id='word_1_55' title='bbox 1397 1196 1544 1261; x_wconf 90' lang='lat' dir='ltr'>Numenii</span> 
     </span>
     <span class='ocr_line' id='line_1_8' title="bbox 328 1303 1546 1388; baseline -0.003 -16"><span class='ocrx_word' id='word_1_56' title='bbox 328 1307 449 1372; x_wconf 83' lang='lat' dir='ltr'>fontem</span> <span class='ocrx_word' id='word_1_57' title='bbox 472 1326 536 1372; x_wconf 93' lang='lat' dir='ltr'>non</span> <span class='ocrx_word' id='word_1_58' title='bbox 561 1307 663 1372; x_wconf 92' lang='lat' dir='ltr'>solum</span> <span class='ocrx_word' id='word_1_59' title='bbox 679 1326 698 1371; x_wconf 90' lang='lat' dir='ltr'>a</span> <span class='ocrx_word' id='word_1_60' title='bbox 713 1308 871 1374; x_wconf 85' lang='lat' dir='ltr'>Favorino</span> <span class='ocrx_word' id='word_1_61' title='bbox 896 1307 952 1374; x_wconf 89' lang='lat' dir='ltr'>sed</span> <span class='ocrx_word' id='word_1_62' title='bbox 976 1308 1103 1374; x_wconf 92' lang='lat' dir='ltr'>omnino</span> <span class='ocrx_word' id='word_1_63' title='bbox 1127 1325 1147 1371; x_wconf 90' lang='lat' dir='ltr'>a</span> <span class='ocrx_word' id='word_1_64' title='bbox 1169 1303 1258 1371; x_wconf 82' lang='lat' dir='ltr'>fonte</span> <span class='ocrx_word' id='word_1_65' title='bbox 1273 1304 1427 1388; x_wconf 81' lang='lat' dir='ltr'>Diogenis</span> <span class='ocrx_word' id='word_1_66' title='bbox 1449 1303 1546 1370; x_wconf 87' lang='lat' dir='ltr'>fuisse</span> 
     </span>
     <span class='ocr_line' id='line_1_9' title="bbox 326 1412 1545 1497; baseline -0.003 -17"><span class='ocrx_word' id='word_1_67' title='bbox 326 1415 496 1481; x_wconf 90' lang='lat' dir='ltr'>diversum.</span> <span class='ocrx_word' id='word_1_68' title='bbox 542 1435 615 1481; x_wconf 89' lang='lat' dir='ltr'>nam</span> <span class='ocrx_word' id='word_1_69' title='bbox 645 1415 819 1481; x_wconf 88' lang='lat' dir='ltr'>Numenius</span> <span class='ocrx_word' id='word_1_70' title='bbox 847 1417 1039 1483; x_wconf 84' lang='lat' dir='ltr'>Academiae</span> <span class='ocrx_word' id='word_1_71' title='bbox 1073 1415 1339 1497; x_wconf 81' lang='lat' dir='ltr'>propagationem</span> <span class='ocrx_word' id='word_1_72' title='bbox 1368 1431 1471 1496; x_wconf 91' lang='lat' dir='ltr'>usque</span> <span class='ocrx_word' id='word_1_73' title='bbox 1504 1412 1545 1476; x_wconf 90' lang='lat' dir='ltr'>ad</span> 
     </span>
     <span class='ocr_line' id='line_1_10' title="bbox 326 1521 1544 1607; baseline -0.003 -19"><span class='ocrx_word' id='word_1_74' title='bbox 326 1523 519 1588; x_wconf 86' lang='lat' dir='ltr'>Antiochum</span> <span class='ocrx_word' id='word_1_75' title='bbox 542 1524 759 1590; x_wconf 87' lang='lat' dir='ltr'>Ascalonitam</span> <span class='ocrx_word' id='word_1_76' title='bbox 781 1524 995 1607; x_wconf 86' lang='lat' dir='ltr'>persequitur,</span> <span class='ocrx_word' id='word_1_77' title='bbox 1021 1542 1058 1588; x_wconf 88' lang='lat' dir='ltr'>ac</span> <span class='ocrx_word' id='word_1_78' title='bbox 1081 1523 1238 1588; x_wconf 90' lang='lat' dir='ltr'>Mentoris</span> <span class='ocrx_word' id='word_1_79' title='bbox 1264 1521 1460 1587; x_wconf 91' lang='lat' dir='ltr'>mentionem</span> <span class='ocrx_word' id='word_1_80' title='bbox 1482 1539 1544 1586; x_wconf 94' lang='lat' dir='ltr'>nou</span> 
     </span>
     <span class='ocr_line' id='line_1_11' title="bbox 326 1628 1544 1714; baseline -0.002 -19"><span class='ocrx_word' id='word_1_81' title='bbox 326 1632 412 1696; x_wconf 89' lang='lat' dir='ltr'>inter</span> <span class='ocrx_word' id='word_1_82' title='bbox 440 1629 525 1696; x_wconf 88' lang='lat' dir='ltr'>facta</span> <span class='ocrx_word' id='word_1_83' title='bbox 555 1631 775 1696; x_wconf 87' lang='lat' dir='ltr'>memorabiha</span> <span class='ocrx_word' id='word_1_84' title='bbox 804 1650 886 1714; x_wconf 90' lang='lat' dir='ltr'>quae</span> <span class='ocrx_word' id='word_1_85' title='bbox 914 1631 954 1698; x_wconf 93' lang='lat' dir='ltr'>de</span> <span class='ocrx_word' id='word_1_86' title='bbox 979 1630 1143 1697; x_wconf 84' lang='lat' dir='ltr'>Carneade</span> <span class='ocrx_word' id='word_1_87' title='bbox 1166 1629 1319 1712; x_wconf 87' lang='lat' dir='ltr'>proderet</span> <span class='ocrx_word' id='word_1_88' title='bbox 1340 1629 1461 1711; x_wconf 86' lang='lat' dir='ltr'>iniecit,</span> <span class='ocrx_word' id='word_1_89' title='bbox 1490 1628 1544 1694; x_wconf 90' lang='lat' dir='ltr'>sed</span> 
     </span>
     <span class='ocr_line' id='line_1_12' title="bbox 325 1735 1545 1826; baseline -0.004 -23"><span class='ocrx_word' id='word_1_90' title='bbox 325 1739 358 1803; x_wconf 91' lang='lat' dir='ltr'>in</span> <span class='ocrx_word' id='word_1_91' title='bbox 382 1739 453 1821; x_wconf 89' lang='lat' dir='ltr'>ipsa</span> <span class='ocrx_word' id='word_1_92' title='bbox 476 1740 690 1806; x_wconf 81' lang='lat' dir='ltr'>successione:</span> <span class='ocrx_word' id='word_1_93' title='bbox 716 1740 829 1822; x_wconf 90' lang='lat' dir='ltr'>incipit</span> <span class='ocrx_word' id='word_1_94' title='bbox 852 1741 936 1806; x_wconf 88' lang='lat' dir='ltr'>enim</span> <span class='ocrx_word' id='word_1_95' title='bbox 960 1735 1147 1826; x_wconf 79' lang='grc' dir='ltr'><strong><em>Καρνεάδου</em></strong></span> <span class='ocrx_word' id='word_1_96' title='bbox 1174 1736 1209 1802; x_wconf 79' lang='grc' dir='ltr'>δὲ</span> <span class='ocrx_word' id='word_1_97' title='bbox 1236 1740 1359 1814; x_wconf 79' lang='grc' dir='ltr'><strong><em>γίνεται</em></strong></span> <span class='ocrx_word' id='word_1_98' title='bbox 1388 1735 1545 1823; x_wconf 76' lang='grc' dir='ltr'><strong><em>γνώριμος</em></strong></span> 
     </span>
    </p>

    <p class='ocr_par' dir='ltr' id='par_1_3' title="bbox 274 1827 1618 4516">
     <span class='ocr_line' id='line_1_13' title="bbox 274 1827 1543 1936; baseline -0.003 -26"><span class='ocrx_word' id='word_1_99' title='bbox 274 1827 277 1834; x_wconf 43' lang='grc'><strong><em>’</em></strong></span> <span class='ocrx_word' id='word_1_100' title='bbox 326 1849 464 1932; x_wconf 78' lang='grc' dir='ltr'><strong><em>Μέντωρ</em></strong></span> <span class='ocrx_word' id='word_1_101' title='bbox 487 1849 547 1931; x_wconf 77' lang='grc' dir='ltr'>μὲν</span> <span class='ocrx_word' id='word_1_102' title='bbox 569 1846 700 1936; x_wconf 76' lang='grc' dir='ltr'><strong><em>πρῶτον</em></strong></span> <span class='ocrx_word' id='word_1_103' title='bbox 715 1842 752 1912; x_wconf 81' lang='grc' dir='ltr'>οὗ</span> <span class='ocrx_word' id='word_1_104' title='bbox 767 1843 832 1930; x_wconf 74' lang='lat' dir='ltr'>pq&#39;v</span> <span class='ocrx_word' id='word_1_105' title='bbox 847 1844 1013 1927; x_wconf 80' lang='grc' dir='ltr'><strong><em>διάδοχος.</em></strong></span> <span class='ocrx_word' id='word_1_106' title='bbox 1051 1845 1141 1910; x_wconf 85' lang='lat' dir='ltr'>vides</span> <span class='ocrx_word' id='word_1_107' title='bbox 1158 1862 1175 1910; x_wconf 86' lang='lat' dir='ltr'>e</span> <span class='ocrx_word' id='word_1_108' title='bbox 1190 1843 1350 1926; x_wconf 80' lang='lat' dir='ltr'>particula</span> <span class='ocrx_word' id='word_1_109' title='bbox 1369 1844 1430 1929; x_wconf 78' lang='grc' dir='ltr'>μὲν</span> <span class='ocrx_word' id='word_1_110' title='bbox 1445 1842 1543 1926; x_wconf 88' lang='lat' dir='ltr'>sequi,</span> 
     </span>
     <span class='ocr_line' id='line_1_14' title="bbox 326 1951 1544 2037; baseline -0.004 -17"><span class='ocrx_word' id='word_1_111' title='bbox 326 1974 399 2020; x_wconf 90' lang='lat' dir='ltr'>mox</span> <span class='ocrx_word' id='word_1_112' title='bbox 433 1973 505 2020; x_wconf 91' lang='lat' dir='ltr'>eum</span> <span class='ocrx_word' id='word_1_113' title='bbox 539 1952 639 2037; x_wconf 90' lang='lat' dir='ltr'>luisse</span> <span class='ocrx_word' id='word_1_114' title='bbox 667 1954 863 2019; x_wconf 84' lang='lat' dir='ltr'>nominatum</span> <span class='ocrx_word' id='word_1_115' title='bbox 898 1952 952 2036; x_wconf 92' lang='lat' dir='ltr'>qui</span> <span class='ocrx_word' id='word_1_116' title='bbox 976 1951 1172 2018; x_wconf 81' lang='lat' dir='ltr'>Carneadem</span> <span class='ocrx_word' id='word_1_117' title='bbox 1208 1953 1346 2035; x_wconf 83' lang='lat' dir='ltr'>excepit,</span> <span class='ocrx_word' id='word_1_118' title='bbox 1375 1956 1544 2034; x_wconf 86' lang='lat' dir='ltr'>postquam</span> 
     </span>
     <span class='ocr_line' id='line_1_15' title="bbox 327 2057 1544 2154; baseline -0.003 -28"><span class='ocrx_word' id='word_1_119' title='bbox 327 2063 454 2128; x_wconf 87' lang='lat' dir='ltr'>Mentor</span> <span class='ocrx_word' id='word_1_120' title='bbox 477 2081 567 2128; x_wconf 87' lang='lat' dir='ltr'>suam</span> <span class='ocrx_word' id='word_1_121' title='bbox 591 2062 732 2128; x_wconf 92' lang='lat' dir='ltr'>scholam</span> <span class='ocrx_word' id='word_1_122' title='bbox 756 2061 922 2154; x_wconf 80' lang='lat' dir='ltr'>condidit,</span> <span class='ocrx_word' id='word_1_123' title='bbox 942 2060 1166 2127; x_wconf 85' lang='lat' dir='ltr'>Clitomachus.</span> <span class='ocrx_word' id='word_1_124' title='bbox 1218 2061 1251 2124; x_wconf 95' lang='lat' dir='ltr'>in</span> <span class='ocrx_word' id='word_1_125' title='bbox 1277 2059 1431 2141; x_wconf 88' lang='lat' dir='ltr'>Diogenis</span> <span class='ocrx_word' id='word_1_126' title='bbox 1459 2057 1544 2123; x_wconf 88' lang='lat' dir='ltr'>fonte</span> 
     </span>
     <span class='ocr_line' id='line_1_16' title="bbox 326 2165 1544 2235; baseline -0.002 -2"><span class='ocrx_word' id='word_1_127' title='bbox 326 2169 518 2235; x_wconf 84' lang='lat' dir='ltr'>Academiae</span> <span class='ocrx_word' id='word_1_128' title='bbox 541 2169 678 2235; x_wconf 93' lang='lat' dir='ltr'>historia</span> <span class='ocrx_word' id='word_1_129' title='bbox 700 2168 934 2235; x_wconf 88' lang='lat' dir='ltr'>terminabatur</span> <span class='ocrx_word' id='word_1_130' title='bbox 957 2169 990 2233; x_wconf 93' lang='lat' dir='ltr'>in</span> <span class='ocrx_word' id='word_1_131' title='bbox 1015 2167 1221 2234; x_wconf 91' lang='lat' dir='ltr'>Clitomacho.</span> <span class='ocrx_word' id='word_1_132' title='bbox 1260 2167 1324 2231; x_wconf 91' lang='lat' dir='ltr'>iam</span> <span class='ocrx_word' id='word_1_133' title='bbox 1339 2165 1483 2231; x_wconf 91' lang='lat' dir='ltr'>Philonis</span> <span class='ocrx_word' id='word_1_134' title='bbox 1504 2167 1544 2230; x_wconf 90' lang='lat' dir='ltr'>ne</span> 
     </span>
     <span class='ocr_line' id='line_1_17' title="bbox 326 2273 1543 2360; baseline -0.001 -20"><span class='ocrx_word' id='word_1_135' title='bbox 326 2277 446 2342; x_wconf 91' lang='lat' dir='ltr'>mentio</span> <span class='ocrx_word' id='word_1_136' title='bbox 475 2278 602 2360; x_wconf 91' lang='lat' dir='ltr'>quidem</span> <span class='ocrx_word' id='word_1_137' title='bbox 633 2281 692 2359; x_wconf 87' lang='lat' dir='ltr'>est,</span> <span class='ocrx_word' id='word_1_138' title='bbox 726 2294 830 2358; x_wconf 92' lang='lat' dir='ltr'>neque</span> <span class='ocrx_word' id='word_1_139' title='bbox 863 2276 991 2340; x_wconf 91' lang='lat' dir='ltr'>videtur</span> <span class='ocrx_word' id='word_1_140' title='bbox 1021 2273 1092 2341; x_wconf 86' lang='lat' dir='ltr'>fons</span> <span class='ocrx_word' id='word_1_141' title='bbox 1119 2275 1291 2357; x_wconf 86' lang='lat' dir='ltr'>primarius</span> <span class='ocrx_word' id='word_1_142' title='bbox 1325 2274 1377 2340; x_wconf 88' lang='lat' dir='ltr'>vel</span> <span class='ocrx_word' id='word_1_143' title='bbox 1410 2279 1543 2341; x_wconf 91' lang='lat' dir='ltr'>mortem</span> 
     </span>
     <span class='ocr_line' id='line_1_18' title="bbox 328 2382 1543 2466; baseline -0.001 -18"><span class='ocrx_word' id='word_1_144' title='bbox 328 2382 516 2450; x_wconf 90' lang='lat' dir='ltr'>Clitomachi</span> <span class='ocrx_word' id='word_1_145' title='bbox 540 2385 675 2450; x_wconf 91' lang='lat' dir='ltr'>novisse.</span> <span class='ocrx_word' id='word_1_146' title='bbox 716 2384 801 2466; x_wconf 92' lang='lat' dir='ltr'>quod</span> <span class='ocrx_word' id='word_1_147' title='bbox 825 2383 961 2466; x_wconf 90' lang='lat' dir='ltr'>denique</span> <span class='ocrx_word' id='word_1_148' title='bbox 986 2383 1024 2448; x_wconf 93' lang='lat' dir='ltr'>de</span> <span class='ocrx_word' id='word_1_149' title='bbox 1042 2383 1206 2448; x_wconf 87' lang='lat' dir='ltr'>Arcesilae</span> <span class='ocrx_word' id='word_1_150' title='bbox 1230 2400 1268 2448; x_wconf 91' lang='lat' dir='ltr'>ac</span> <span class='ocrx_word' id='word_1_151' title='bbox 1284 2383 1410 2466; x_wconf 89' lang='lat' dir='ltr'>Lacyde</span> <span class='ocrx_word' id='word_1_152' title='bbox 1434 2383 1543 2447; x_wconf 89' lang='lat' dir='ltr'>eadem</span> 
     </span>
     <span class='ocr_line' id='line_1_19' title="bbox 310 2475 1543 2574; baseline -0.001 -18"><span class='ocrx_word' id='word_1_153' title='bbox 310 2475 500 2558; x_wconf 51' lang='lat' dir='ltr'>¹narrantur</span> <span class='ocrx_word' id='word_1_154' title='bbox 523 2493 608 2574; x_wconf 90' lang='lat' dir='ltr'>apud</span> <span class='ocrx_word' id='word_1_155' title='bbox 632 2492 821 2557; x_wconf 92' lang='lat' dir='ltr'>Numenium</span> <span class='ocrx_word' id='word_1_156' title='bbox 846 2497 879 2556; x_wconf 88' lang='lat' dir='ltr'>et</span> <span class='ocrx_word' id='word_1_157' title='bbox 893 2491 1078 2572; x_wconf 89' lang='lat' dir='ltr'>Diogenem,</span> <span class='ocrx_word' id='word_1_158' title='bbox 1104 2490 1136 2555; x_wconf 94' lang='lat' dir='ltr'>id</span> <span class='ocrx_word' id='word_1_159' title='bbox 1160 2509 1198 2556; x_wconf 86' lang='lat' dir='ltr'>ex</span> <span class='ocrx_word' id='word_1_160' title='bbox 1220 2491 1382 2573; x_wconf 87' lang='lat' dir='ltr'>primariis</span> <span class='ocrx_word' id='word_1_161' title='bbox 1406 2489 1543 2558; x_wconf 88' lang='lat' dir='ltr'>fontibus</span> 
     </span>
     <span class='ocr_line' id='line_1_20' title="bbox 328 2599 1542 2683; baseline -0.002 -18"><span class='ocrx_word' id='word_1_162' title='bbox 328 2601 408 2665; x_wconf 90' lang='lat' dir='ltr'>satis</span> <span class='ocrx_word' id='word_1_163' title='bbox 425 2619 583 2683; x_wconf 89' lang='lat' dir='ltr'>superque</span> <span class='ocrx_word' id='word_1_164' title='bbox 599 2601 787 2682; x_wconf 85' lang='lat' dir='ltr'>explicatur,</span> <span class='ocrx_word' id='word_1_165' title='bbox 811 2617 870 2664; x_wconf 93' lang='lat' dir='ltr'>nec</span> <span class='ocrx_word' id='word_1_166' title='bbox 885 2599 993 2681; x_wconf 91' lang='lat' dir='ltr'>potuit</span> <span class='ocrx_word' id='word_1_167' title='bbox 1008 2599 1135 2663; x_wconf 92' lang='lat' dir='ltr'>omnino</span> <span class='ocrx_word' id='word_1_168' title='bbox 1152 2599 1247 2664; x_wconf 89' lang='lat' dir='ltr'>ahter</span> <span class='ocrx_word' id='word_1_169' title='bbox 1264 2599 1418 2666; x_wconf 86' lang='lat' dir='ltr'>accidere.</span> <span class='ocrx_word' id='word_1_170' title='bbox 1453 2603 1542 2665; x_wconf 90' lang='lat' dir='ltr'>tanto</span> 
     </span>
     <span class='ocr_line' id='line_1_21' title="bbox 328 2706 1543 2788; baseline -0.002 -16"><span class='ocrx_word' id='word_1_171' title='bbox 328 2714 435 2774; x_wconf 91' lang='lat' dir='ltr'>autem</span> <span class='ocrx_word' id='word_1_172' title='bbox 457 2709 587 2774; x_wconf 91' lang='lat' dir='ltr'>uberior</span> <span class='ocrx_word' id='word_1_173' title='bbox 611 2708 784 2773; x_wconf 90' lang='lat' dir='ltr'>Numenius</span> <span class='ocrx_word' id='word_1_174' title='bbox 812 2711 863 2772; x_wconf 90' lang='lat' dir='ltr'>est</span> <span class='ocrx_word' id='word_1_175' title='bbox 889 2711 1013 2771; x_wconf 89' lang='lat' dir='ltr'>utnon</span> <span class='ocrx_word' id='word_1_176' title='bbox 1043 2706 1345 2788; x_wconf 86' lang='lat' dir='ltr'>solumDiogenem</span> <span class='ocrx_word' id='word_1_177' title='bbox 1368 2707 1425 2772; x_wconf 90' lang='lat' dir='ltr'>sed</span> <span class='ocrx_word' id='word_1_178' title='bbox 1448 2707 1543 2772; x_wconf 87' lang='lat' dir='ltr'>etiam</span> 
     </span>
     <span class='ocr_line' id='line_1_22' title="bbox 328 2814 1540 2899; baseline -0.002 -18"><span class='ocrx_word' id='word_1_179' title='bbox 328 2836 400 2881; x_wconf 92' lang='lat' dir='ltr'>eum</span> <span class='ocrx_word' id='word_1_180' title='bbox 417 2836 455 2882; x_wconf 83' lang='lat' dir='ltr'>es</span> <span class='ocrx_word' id='word_1_181' title='bbox 470 2836 532 2899; x_wconf 92' lang='lat' dir='ltr'>quo</span> <span class='ocrx_word' id='word_1_182' title='bbox 548 2817 692 2899; x_wconf 87' lang='lat' dir='ltr'>proximo</span> <span class='ocrx_word' id='word_1_183' title='bbox 709 2834 768 2880; x_wconf 90' lang='lat' dir='ltr'>sua</span> <span class='ocrx_word' id='word_1_184' title='bbox 779 2814 940 2896; x_wconf 86' lang='lat' dir='ltr'>Diogenes</span> <span class='ocrx_word' id='word_1_185' title='bbox 960 2815 1084 2895; x_wconf 91' lang='lat' dir='ltr'>accepit</span> <span class='ocrx_word' id='word_1_186' title='bbox 1102 2815 1197 2898; x_wconf 88' lang='lat' dir='ltr'>longe</span> <span class='ocrx_word' id='word_1_187' title='bbox 1219 2833 1372 2898; x_wconf 88' lang='lat' dir='ltr'>superare</span> <span class='ocrx_word' id='word_1_188' title='bbox 1388 2815 1540 2882; x_wconf 86' lang='lat' dir='ltr'>videatur.</span> 
     </span>
     <span class='ocr_line' id='line_1_23' title="bbox 417 2923 1543 3006; baseline -0.004 -16"><span class='ocrx_word' id='word_1_189' title='bbox 417 2927 630 2992; x_wconf 88' lang='lat' dir='ltr'>Transeamus</span> <span class='ocrx_word' id='word_1_190' title='bbox 666 2924 707 2989; x_wconf 87' lang='lat' dir='ltr'>ad</span> <span class='ocrx_word' id='word_1_191' title='bbox 737 2942 809 2988; x_wconf 90' lang='lat' dir='ltr'>eum</span> <span class='ocrx_word' id='word_1_192' title='bbox 838 2923 1043 3005; x_wconf 87' lang='lat' dir='ltr'>scriptorem,</span> <span class='ocrx_word' id='word_1_193' title='bbox 1080 2923 1169 2988; x_wconf 92' lang='lat' dir='ltr'>cuius</span> <span class='ocrx_word' id='word_1_194' title='bbox 1203 2923 1236 2988; x_wconf 92' lang='lat' dir='ltr'>in</span> <span class='ocrx_word' id='word_1_195' title='bbox 1270 2923 1331 2988; x_wconf 88' lang='lat' dir='ltr'>hac</span> <span class='ocrx_word' id='word_1_196' title='bbox 1358 2923 1543 3006; x_wconf 88' lang='lat' dir='ltr'>quaestione</span> 
     </span>
     <span class='ocr_line' id='line_1_24' title="bbox 328 3029 1541 3117; baseline -0.004 -19"><span class='ocrx_word' id='word_1_197' title='bbox 328 3035 504 3100; x_wconf 83' lang='lat' dir='ltr'>auctoritas</span> <span class='ocrx_word' id='word_1_198' title='bbox 547 3038 597 3099; x_wconf 92' lang='lat' dir='ltr'>est</span> <span class='ocrx_word' id='word_1_199' title='bbox 635 3050 772 3112; x_wconf 91' lang='lat' dir='ltr'>summa,</span> <span class='ocrx_word' id='word_1_200' title='bbox 811 3030 1006 3114; x_wconf 86' lang='lat' dir='ltr'>Hesychium</span> <span class='ocrx_word' id='word_1_201' title='bbox 1042 3029 1222 3117; x_wconf 91' lang='lat' dir='ltr'>Illustrem,</span> <span class='ocrx_word' id='word_1_202' title='bbox 1262 3030 1379 3097; x_wconf 87' lang='lat' dir='ltr'>Suidae</span> <span class='ocrx_word' id='word_1_203' title='bbox 1414 3030 1541 3098; x_wconf 85' lang='lat' dir='ltr'>fontem.</span> 
     </span>
     <span class='ocr_line' id='line_1_25' title="bbox 328 3137 1542 3223; baseline 0 -19"><span class='ocrx_word' id='word_1_204' title='bbox 328 3147 462 3223; x_wconf 90' lang='lat' dir='ltr'>propter</span> <span class='ocrx_word' id='word_1_205' title='bbox 490 3141 601 3206; x_wconf 89' lang='lat' dir='ltr'>turbas</span> <span class='ocrx_word' id='word_1_206' title='bbox 630 3140 671 3205; x_wconf 90' lang='lat' dir='ltr'>ah</span> <span class='ocrx_word' id='word_1_207' title='bbox 698 3137 880 3207; x_wconf 92' lang='lat' dir='ltr'>hominibus</span> <span class='ocrx_word' id='word_1_208' title='bbox 914 3138 1045 3204; x_wconf 91' lang='lat' dir='ltr'>insulsis</span> <span class='ocrx_word' id='word_1_209' title='bbox 1070 3139 1226 3204; x_wconf 87' lang='lat' dir='ltr'>excitatas</span> <span class='ocrx_word' id='word_1_210' title='bbox 1259 3139 1449 3221; x_wconf 85' lang='lat' dir='ltr'>praemitto,</span> <span class='ocrx_word' id='word_1_211' title='bbox 1484 3157 1542 3219; x_wconf 92' lang='lat' dir='ltr'>me,</span> 
     </span>
     <span class='ocr_line' id='line_1_26' title="bbox 328 3245 1543 3330; baseline -0.002 -18"><span class='ocrx_word' id='word_1_212' title='bbox 328 3249 412 3313; x_wconf 90' lang='lat' dir='ltr'>sicut</span> <span class='ocrx_word' id='word_1_213' title='bbox 434 3267 493 3330; x_wconf 89' lang='lat' dir='ltr'>par</span> <span class='ocrx_word' id='word_1_214' title='bbox 517 3254 576 3329; x_wconf 89' lang='lat' dir='ltr'>est,</span> <span class='ocrx_word' id='word_1_215' title='bbox 601 3247 782 3314; x_wconf 85' lang='lat' dir='ltr'>Nietrschei</span> <span class='ocrx_word' id='word_1_216' title='bbox 806 3247 846 3313; x_wconf 93' lang='lat' dir='ltr'>de</span> <span class='ocrx_word' id='word_1_217' title='bbox 869 3247 1028 3330; x_wconf 86' lang='lat' dir='ltr'>Hesychio</span> <span class='ocrx_word' id='word_1_218' title='bbox 1052 3245 1301 3327; x_wconf 86' lang='lat' dir='ltr'>disputationem</span> <span class='ocrx_word' id='word_1_219' title='bbox 1325 3247 1455 3312; x_wconf 89' lang='lat' dir='ltr'>summis</span> <span class='ocrx_word' id='word_1_220' title='bbox 1478 3246 1543 3311; x_wconf 87' lang='lat' dir='ltr'>lau-</span> 
     </span>
     <span class='ocr_line' id='line_1_27' title="bbox 328 3353 1544 3438; baseline -0.002 -18"><span class='ocrx_word' id='word_1_221' title='bbox 328 3355 421 3420; x_wconf 89' lang='lat' dir='ltr'>dibus</span> <span class='ocrx_word' id='word_1_222' title='bbox 445 3355 574 3437; x_wconf 92' lang='lat' dir='ltr'>dignam</span> <span class='ocrx_word' id='word_1_223' title='bbox 596 3355 730 3436; x_wconf 91' lang='lat' dir='ltr'>hahere,</span> <span class='ocrx_word' id='word_1_224' title='bbox 754 3361 861 3422; x_wconf 89' lang='lat' dir='ltr'>tecum</span> <span class='ocrx_word' id='word_1_225' title='bbox 885 3355 1064 3422; x_wconf 90' lang='lat' dir='ltr'>consentire</span> <span class='ocrx_word' id='word_1_226' title='bbox 1088 3355 1121 3419; x_wconf 94' lang='lat' dir='ltr'>in</span> <span class='ocrx_word' id='word_1_227' title='bbox 1144 3353 1317 3437; x_wconf 90' lang='lat' dir='ltr'>plerisque.</span> <span class='ocrx_word' id='word_1_228' title='bbox 1352 3354 1544 3438; x_wconf 87' lang='lat' dir='ltr'>Hesychium</span> 
     </span>
     <span class='ocr_line' id='line_1_28' title="bbox 327 3461 1545 3544; baseline -0.002 -17"><span class='ocrx_word' id='word_1_229' title='bbox 327 3462 419 3527; x_wconf 91' lang='lat' dir='ltr'>nobis</span> <span class='ocrx_word' id='word_1_230' title='bbox 442 3468 572 3544; x_wconf 88' lang='lat' dir='ltr'>praeter</span> <span class='ocrx_word' id='word_1_231' title='bbox 595 3481 634 3527; x_wconf 92' lang='lat' dir='ltr'>ea</span> <span class='ocrx_word' id='word_1_232' title='bbox 657 3481 739 3544; x_wconf 89' lang='lat' dir='ltr'>quae</span> <span class='ocrx_word' id='word_1_233' title='bbox 761 3463 795 3528; x_wconf 94' lang='lat' dir='ltr'>in</span> <span class='ocrx_word' id='word_1_234' title='bbox 818 3463 962 3528; x_wconf 91' lang='lat' dir='ltr'>Platonis</span> <span class='ocrx_word' id='word_1_235' title='bbox 987 3462 1115 3528; x_wconf 89' lang='lat' dir='ltr'>schohis</span> <span class='ocrx_word' id='word_1_236' title='bbox 1140 3462 1221 3527; x_wconf 89' lang='lat' dir='ltr'>scita</span> <span class='ocrx_word' id='word_1_237' title='bbox 1243 3462 1409 3544; x_wconf 86' lang='lat' dir='ltr'>indagavit</span> <span class='ocrx_word' id='word_1_238' title='bbox 1430 3461 1545 3528; x_wconf 86' lang='lat' dir='ltr'>Rohdii</span> 
     </span>
     <span class='ocr_line' id='line_1_29' title="bbox 329 3569 1545 3652; baseline 0.001 -19"><span class='ocrx_word' id='word_1_239' title='bbox 329 3569 520 3650; x_wconf 88' lang='lat' dir='ltr'>coniectura,</span> <span class='ocrx_word' id='word_1_240' title='bbox 544 3570 744 3634; x_wconf 83' lang='lat' dir='ltr'>innotescere</span> <span class='ocrx_word' id='word_1_241' title='bbox 768 3590 786 3634; x_wconf 91' lang='lat' dir='ltr'>e</span> <span class='ocrx_word' id='word_1_242' title='bbox 810 3570 917 3652; x_wconf 86' lang='lat' dir='ltr'>Suida,</span> <span class='ocrx_word' id='word_1_243' title='bbox 943 3570 1059 3636; x_wconf 85' lang='lat' dir='ltr'>Suidae</span> <span class='ocrx_word' id='word_1_244' title='bbox 1075 3569 1215 3635; x_wconf 84' lang='lat' dir='ltr'>codicem</span> <span class='ocrx_word' id='word_1_245' title='bbox 1231 3570 1395 3636; x_wconf 92' lang='lat' dir='ltr'>meliorem</span> <span class='ocrx_word' id='word_1_246' title='bbox 1418 3588 1545 3651; x_wconf 86' lang='lat' dir='ltr'>reprae-</span> 
     </span>
     <span class='ocr_line' id='line_1_30' title="bbox 328 3675 1544 3759; baseline 0 -19"><span class='ocrx_word' id='word_1_247' title='bbox 328 3681 457 3742; x_wconf 90' lang='lat' dir='ltr'>sentare</span> <span class='ocrx_word' id='word_1_248' title='bbox 486 3675 604 3740; x_wconf 90' lang='lat' dir='ltr'>olidum</span> <span class='ocrx_word' id='word_1_249' title='bbox 627 3676 819 3759; x_wconf 91' lang='lat' dir='ltr'>Violarium,</span> <span class='ocrx_word' id='word_1_250' title='bbox 848 3678 1010 3743; x_wconf 89' lang='lat' dir='ltr'>Eudociae</span> <span class='ocrx_word' id='word_1_251' title='bbox 1034 3677 1243 3759; x_wconf 87' lang='lat' dir='ltr'>suppositum.</span> <span class='ocrx_word' id='word_1_252' title='bbox 1290 3675 1484 3758; x_wconf 92' lang='lat' dir='ltr'>Hesychium</span> <span class='ocrx_word' id='word_1_253' title='bbox 1513 3677 1544 3740; x_wconf 93' lang='lat' dir='ltr'>in</span> 
     </span>
     <span class='ocr_line' id='line_1_31' title="bbox 328 3783 1618 3882; baseline -0.002 -36"><span class='ocrx_word' id='word_1_254' title='bbox 328 3783 527 3865; x_wconf 92' lang='lat' dir='ltr'>philosophis</span> <span class='ocrx_word' id='word_1_255' title='bbox 551 3789 680 3866; x_wconf 87' lang='lat' dir='ltr'>praeter</span> <span class='ocrx_word' id='word_1_256' title='bbox 706 3786 901 3882; x_wconf 80' lang='lat' dir='ltr'>paucissima</span> <span class='ocrx_word' id='word_1_257' title='bbox 928 3805 1010 3868; x_wconf 91' lang='lat' dir='ltr'>quae</span> <span class='ocrx_word' id='word_1_258' title='bbox 1034 3785 1176 3866; x_wconf 90' lang='lat' dir='ltr'>aliunde,</span> <span class='ocrx_word' id='word_1_259' title='bbox 1204 3785 1293 3851; x_wconf 84' lang='lat' dir='ltr'>velut</span> <span class='ocrx_word' id='word_1_260' title='bbox 1315 3803 1333 3848; x_wconf 93' lang='lat' dir='ltr'>e</span> <span class='ocrx_word' id='word_1_261' title='bbox 1356 3783 1543 3868; x_wconf 88' lang='lat' dir='ltr'>Porphyrio,</span> <span class='ocrx_word' id='word_1_262' title='bbox 1614 3835 1618 3844; x_wconf 94' lang='lat'>.</span> 
     </span>
     <span class='ocr_line' id='line_1_32' title="bbox 328 3891 1544 3986; baseline 0.002 -31"><span class='ocrx_word' id='word_1_263' title='bbox 328 3891 456 3972; x_wconf 84' lang='lat' dir='ltr'>adiecit,</span> <span class='ocrx_word' id='word_1_264' title='bbox 479 3891 619 3973; x_wconf 91' lang='lat' dir='ltr'>pendere</span> <span class='ocrx_word' id='word_1_265' title='bbox 643 3911 681 3958; x_wconf 86' lang='lat' dir='ltr'>ex</span> <span class='ocrx_word' id='word_1_266' title='bbox 697 3912 734 3986; x_wconf 86' lang='lat' dir='ltr'>eo</span> <span class='ocrx_word' id='word_1_267' title='bbox 751 3898 882 3959; x_wconf 90' lang='lat' dir='ltr'>auctore</span> <span class='ocrx_word' id='word_1_268' title='bbox 903 3894 983 3978; x_wconf 90' lang='lat' dir='ltr'>(sive</span> <span class='ocrx_word' id='word_1_269' title='bbox 995 3893 1104 3975; x_wconf 88' lang='lat' dir='ltr'>plures</span> <span class='ocrx_word' id='word_1_270' title='bbox 1119 3892 1262 3978; x_wconf 84' lang='lat' dir='ltr'>luemnt)</span> <span class='ocrx_word' id='word_1_271' title='bbox 1282 3891 1372 3958; x_wconf 90' lang='lat' dir='ltr'>cuius</span> <span class='ocrx_word' id='word_1_272' title='bbox 1389 3893 1544 3975; x_wconf 88' lang='lat' dir='ltr'>excerptis</span> 
     </span>
     <span class='ocr_line' id='line_1_33' title="bbox 328 3999 1544 4083; baseline 0.001 -20"><span class='ocrx_word' id='word_1_273' title='bbox 328 3999 488 4082; x_wconf 88' lang='lat' dir='ltr'>Diogenes</span> <span class='ocrx_word' id='word_1_274' title='bbox 523 4017 594 4064; x_wconf 92' lang='lat' dir='ltr'>cum</span> <span class='ocrx_word' id='word_1_275' title='bbox 624 3999 689 4064; x_wconf 86' lang='lat' dir='ltr'>aha</span> <span class='ocrx_word' id='word_1_276' title='bbox 711 4004 779 4065; x_wconf 90' lang='lat' dir='ltr'>turn</span> <span class='ocrx_word' id='word_1_277' title='bbox 813 4000 1006 4067; x_wconf 86' lang='lat' dir='ltr'>Favorinum</span> <span class='ocrx_word' id='word_1_278' title='bbox 1040 4000 1220 4067; x_wconf 89' lang='lat' dir='ltr'>admiscuit.</span> <span class='ocrx_word' id='word_1_279' title='bbox 1274 4018 1378 4083; x_wconf 87' lang='lat' dir='ltr'>neque</span> <span class='ocrx_word' id='word_1_280' title='bbox 1413 4001 1441 4066; x_wconf 89' lang='lat' dir='ltr'>si</span> <span class='ocrx_word' id='word_1_281' title='bbox 1476 4000 1544 4083; x_wconf 91' lang='lat' dir='ltr'>quis</span> 
     </span>
     <span class='ocr_line' id='line_1_34' title="bbox 329 4106 1545 4192; baseline 0.002 -20"><span class='ocrx_word' id='word_1_282' title='bbox 329 4107 490 4187; x_wconf 89' lang='lat' dir='ltr'>statuerit,</span> <span class='ocrx_word' id='word_1_283' title='bbox 507 4106 548 4171; x_wconf 88' lang='lat' dir='ltr'>ab</span> <span class='ocrx_word' id='word_1_284' title='bbox 563 4106 722 4190; x_wconf 90' lang='lat' dir='ltr'>Hesychio</span> <span class='ocrx_word' id='word_1_285' title='bbox 738 4114 869 4191; x_wconf 89' lang='lat' dir='ltr'>praeter</span> <span class='ocrx_word' id='word_1_286' title='bbox 883 4109 967 4174; x_wconf 94' lang='lat' dir='ltr'>hunc</span> <span class='ocrx_word' id='word_1_287' title='bbox 982 4109 1135 4192; x_wconf 87' lang='lat' dir='ltr'>Diogenis</span> <span class='ocrx_word' id='word_1_288' title='bbox 1151 4115 1314 4176; x_wconf 90' lang='lat' dir='ltr'>auctorem</span> <span class='ocrx_word' id='word_1_289' title='bbox 1330 4110 1428 4176; x_wconf 85' lang='lat' dir='ltr'>etism</span> <span class='ocrx_word' id='word_1_290' title='bbox 1442 4109 1545 4191; x_wconf 87' lang='lat' dir='ltr'>ipsum</span> 
     </span>
     <span class='ocr_line' id='line_1_35' title="bbox 328 4215 1543 4299; baseline 0.002 -21"><span class='ocrx_word' id='word_1_291' title='bbox 328 4215 504 4297; x_wconf 90' lang='lat' dir='ltr'>Diogenem</span> <span class='ocrx_word' id='word_1_292' title='bbox 538 4215 655 4282; x_wconf 88' lang='lat' dir='ltr'>lectum</span> <span class='ocrx_word' id='word_1_293' title='bbox 691 4235 775 4298; x_wconf 87' lang='lat' dir='ltr'>esse,</span> <span class='ocrx_word' id='word_1_294' title='bbox 812 4217 984 4299; x_wconf 86' lang='lat' dir='ltr'>quidquam</span> <span class='ocrx_word' id='word_1_295' title='bbox 1018 4215 1147 4299; x_wconf 81' lang='lat' dir='ltr'>profici3</span> <span class='ocrx_word' id='word_1_296' title='bbox 1182 4222 1323 4283; x_wconf 88' lang='lat' dir='ltr'>ceterum</span> <span class='ocrx_word' id='word_1_297' title='bbox 1352 4217 1413 4283; x_wconf 88' lang='lat' dir='ltr'>hoc</span> <span class='ocrx_word' id='word_1_298' title='bbox 1444 4235 1543 4299; x_wconf 89' lang='lat' dir='ltr'>neque</span> 
     </span>
     <span class='ocr_line' id='line_1_36' title="bbox 329 4322 1545 4407; baseline 0.001 -21"><span class='ocrx_word' id='word_1_299' title='bbox 329 4322 582 4388; x_wconf 89' lang='lat' dir='ltr'>demonstratum</span> <span class='ocrx_word' id='word_1_300' title='bbox 597 4329 656 4404; x_wconf 89' lang='lat' dir='ltr'>est,</span> <span class='ocrx_word' id='word_1_301' title='bbox 680 4343 784 4407; x_wconf 90' lang='lat' dir='ltr'>neque</span> <span class='ocrx_word' id='word_1_302' title='bbox 807 4324 873 4390; x_wconf 90' lang='lat' dir='ltr'>ullo</span> <span class='ocrx_word' id='word_1_303' title='bbox 889 4329 984 4406; x_wconf 92' lang='lat' dir='ltr'>pacto</span> <span class='ocrx_word' id='word_1_304' title='bbox 1006 4324 1184 4406; x_wconf 86' lang='lat' dir='ltr'>probabile.</span> <span class='ocrx_word' id='word_1_305' title='bbox 1224 4325 1430 4391; x_wconf 89' lang='lat' dir='ltr'>dissentimus</span> <span class='ocrx_word' id='word_1_306' title='bbox 1447 4325 1545 4406; x_wconf 91' lang='lat' dir='ltr'>igitur</span> 
     </span>
     <span class='ocr_line' id='line_1_37' title="bbox 328 4429 1542 4516; baseline 0.004 -21"><span class='ocrx_word' id='word_1_307' title='bbox 328 4429 362 4495; x_wconf 92' lang='lat' dir='ltr'>in</span> <span class='ocrx_word' id='word_1_308' title='bbox 397 4448 434 4495; x_wconf 91' lang='lat' dir='ltr'>eo</span> <span class='ocrx_word' id='word_1_309' title='bbox 468 4436 602 4514; x_wconf 89' lang='lat' dir='ltr'>tantum,</span> <span class='ocrx_word' id='word_1_310' title='bbox 639 4432 724 4516; x_wconf 93' lang='lat' dir='ltr'>quod</span> <span class='ocrx_word' id='word_1_311' title='bbox 757 4437 794 4497; x_wconf 91' lang='lat' dir='ltr'>tu</span> <span class='ocrx_word' id='word_1_312' title='bbox 827 4432 979 4514; x_wconf 89' lang='lat' dir='ltr'>Hesychii</span> <span class='ocrx_word' id='word_1_313' title='bbox 1018 4437 1181 4498; x_wconf 89' lang='lat' dir='ltr'>auctorem</span> <span class='ocrx_word' id='word_1_314' title='bbox 1215 4432 1407 4498; x_wconf 85' lang='lat' dir='ltr'>Favorinum</span> <span class='ocrx_word' id='word_1_315' title='bbox 1441 4449 1542 4500; x_wconf 86' lang='lat' dir='ltr'>vocas.</span> 
     </span>
    </p>
   </div>
   <div class='ocr_carea' id='block_1_3' title="bbox 0 0 1723 5400">
    <p class='ocr_par' dir='ltr' id='par_1_4' title="bbox 0 0 1723 5400">
     <span class='ocr_line' id='line_1_38' title="bbox 0 0 1723 5400; baseline 0 0"><span class='ocrx_word' id='word_1_316' title='bbox 0 0 1723 5400; x_wconf 95' lang='lat' dir='ltr'> </span> 
     </span>
    </p>
   </div>
  </div>
 </body>
</html>
