3432 5400
1359 488 1421 552 149

203 677 285 742 quae
306 657 346 724 lis
367 675 404 725 eo
421 656 603 722 decernitur
625 659 662 721 ut
681 655 902 738 investigetur,
919 657 1086 740 numquid
1103 657 1219 726 Suidae
1235 661 1422 751 (Hesychio)

202 765 280 832 insit
308 764 394 848 quod
422 769 509 831 certo
537 763 752 830 reducendum
781 762 825 829 sit
847 765 888 829 ad
911 763 1112 832 Favorinum.
1160 766 1231 835 fieri
1254 775 1364 852 potest
1386 779 1423 838 ut

201 891 298 938 unum
322 873 498 939 alterumve
521 891 572 938 me
594 870 727 954 fugerit:
757 870 864 938 inveni
886 890 962 939 vero
986 874 1179 956 paucissima
1201 875 1289 943 haec.
1336 879 1422 946 Aua-

201 981 367 1049 ximander
391 981 563 1048 secuudum
586 980 763 1062 Diogenem
785 972 856 1064 εὗρε
877 979 1031 1064 γνώμονα
1054 987 1177 1067 πρῶτος
1204 984 1273 1068 (καὶ
1295 985 1422 1072 ἔστησεν

201 1089 255 1154 ε’πὶ
271 1095 334 1154 των
350 1087 533 1174 σκιοθήρων
555 1087 592 1152 ἐν
607 1085 830 1170 Λακεδαίμονι
849 1086 945 1150 ναθιί
961 1103 1039 1174 φησι
1063 1089 1253 1177 Φαβωρῖνος
1274 1091 1310 1158 ἐν
1326 1093 1421 1181 ΙλἹ.)

200 1194 320 1282 τροπάς
342 1220 376 1262 τε
399 1195 454 1259 καὶ
476 1197 637 1281 ἰσημερίας
659 1198 860 1280 σημαίνοντα
882 1194 938 1257 καὶ
964 1191 1148 1281 ὦροσιιόπια
1175 1199 1422 1286 κατασκεύασεν,

200 1302 256 1368 καὶ
279 1307 334 1388 γής
356 1301 413 1367 καὶ
437 1299 605 1388 θαλάσσης
627 1305 816 1386 περίμετρον
838 1307 962 1389 πρῶτος
985 1302 1130 1391 ἔγραψεν
1148 1301 1303 1370 ἀλλὰκαὶ
1325 1321 1421 1395 σφαῖ-

199 1435 263 1498 ραν
284 1406 521 1476 αατεσκειίασεν.
572 1410 745 1476 secundum
775 1409 905 1476 Suidom
932 1411 1056 1496 πρῶτος
1084 1413 1248 1499 ἰσημερίαν
1275 1409 1346 1504 εὗρε
1368 1419 1422 1481 καὶ

199 1516 320 1604 τροποὶς
342 1518 397 1581 καὶ
420 1515 596 1604 ὦρολογεία
618 1521 673 1581 καὶ
687 1516 745 1601 τήν
766 1519 826 1601 γῆν
849 1517 886 1583 ἐν
900 1515 1081 1606 μεσαιτάτῳ
1103 1527 1244 1604 κεῖσθαι,
1267 1525 1423 1608 γνοίμονοί

198 1626 224 1690 τ’
250 1624 397 1711 εἰσήγαγε
431 1625 485 1689 καί
518 1623 602 1701 ὅλως
633 1629 823 1711 γεωμετρίας
856 1621 1070 1692 ὑποτύπωσιν
1097 1627 1225 1706 ἔδειξεν.
1267 1631 1357 1698 vides
1385 1640 1422 1699 ut

198 1735 358 1816 Diogenes
382 1734 534 1816 eis'quae
558 1734 643 1816 apud
666 1733 819 1816 llesyohii
842 1752 997 1816 suumque
1026 1740 1190 1802 auctorem
1212 1739 1335 1805 invenit
1360 1742 1420 1807 Fa-

197 1842 343 1910 vorinum
359 1841 539 1907 immiscet?
573 1839 668 1906 Plato
692 1840 865 1906 secundum
881 1841 1012 1907 Suidam
1036 1861 1099 1908 non
1117 1846 1212 1911 aliter
1230 1851 1327 1930 atque
1343 1849 1420 1914 Por-

197 1951 345 2034 phyrium
368 1951 401 2016 in
424 1949 530 2014 insula
545 1949 670 2030 Aegina
692 1948 851 2014 nascitur:
877 1949 962 2030 apud
977 1950 1154 2032 Diogenem
1176 1953 1313 2036 legimus
1336 1956 1418 2021 1113

198 2057 359 2144 ἐγεννήθη
383 2057 419 2122 δὲ
452 2053 535 2120 κατά
569 2077 660 2130 τινας
691 2051 728 2118 ἐν
749 2057 867 2142 Αἰγίνη
891 2054 942 2138 (ἒν
968 2063 1003 2146 τη
1033 2056 1210 2124 Φειδιάδου
1245 2063 1330 2144 οἰκίᾳ
1363 2065 1421 2130 τοῦ

198 2165 353 2251 Θάλητος,
381 2161 423 2238 ὥς
453 2180 531 2248 φησι
556 2163 595 2228 Φ.
621 2161 658 2228 ἐν
682 2159 781 2246 Π.Ἶ.)
803 2165 860 2228 τοῦ
882 2164 1007 2249 πατρὸς
1114 2171 1321 2253 πεμφθέντος
1348 2173 1419 2257 κλη-

198 2269 321 2359 ρούχου
344 2274 405 2338 ατί.
441 2270 530 2336 vides
560 2268 883 2336 contaminationem?
919 2271 1033 2338 Suidas
1057 2272 1276 2361 Ἐμπεδοκλῆς
1305 2282 1419 2344 Μέτω-

198 2403 261 2461 νος,
286 2385 321 2444 οί
339 2380 369 2444 δ’
389 2375 595 2464 Ἀρχινόμου,
619 2383 653 2442 ol
673 2378 701 2443 δ’
720 2373 922 2459 Ἐξαινέτου,
951 2379 1006 2443 καὶ
1033 2376 1180 2467 ἀδελφὸν
1203 2382 1273 2462 ἔσχε
1299 2386 1419 2451 Καλλι-

197 2483 324 2573 κράτην.
364 2487 526 2568 Diogenes
553 2486 587 2550 in
614 2484 700 2550 vitae
727 2484 885 2566 principio
909 2484 1072 2554 Meconem
1096 2494 1222 2571 patrem
1244 2494 1353 2576 ponit,
1378 2497 1418 2561 de

198 2614 259 2678 quo
284 2595 443 2678 exquisita
466 2597 670 2676 apponuntur
696 2592 889 2658 testimonia.
927 2596 1071 2678 sequitur
1094 2616 1112 2662 e
1136 2596 1250 2681 Satyro
1274 2601 1418 2669 Exaene-

197 2709 249 2769 tus
273 2709 306 2769 et
330 2704 369 2769 de
397 2701 540 2767 victoriis
565 2699 738 2783 olympicis
761 2700 949 2784 narratio¹)‚
977 2704 1092 2787 quibus
1115 2705 1275 2789 Diogenes
1300 2710 1417 2791 gloria-

196 2811 322 2877 bundus
352 2810 442 2876 addit
464 2809 541 2876 VIII
565 2809 605 2873 53
635 2808 697 2887 ἐγώ
726 2808 754 2874 δ’
785 2803 878 2896 εὗρον
906 2809 942 2876 ἒν
971 2821 1036 2886 τοίς
1062 2810 1268 2898 ὑπομνήμασι
1301 2819 1417 2900 Φαβω-

197 2923 288 3005 ρίνου
303 2913 358 2981 ,ὅτι
380 2917 435 2980 καὶ
457 2918 536 2998 βοῦν
560 2915 659 2980 ἔθυσε
681 2929 746 2990 τοῖς
772 2921 913 3002 θεωροῖς
935 2914 1014 2983 ὃἘ.
1039 2918 1074 2982 ἐκ
1096 2920 1220 3005 μέλιτος
1243 2926 1298 2986 καὶ
1320 2923 1416 3010 ἀλφί-

196 3049 269 3093 των.
304 3030 359 3088 καὶ
381 3021 532 3108 ἀδελφὸν
555 3024 626 3106 ἔσχε
640 3022 907 3110 Καλλικρατίδην.
944 3026 1081 3109 denique
1096 3029 1415 3110 paterdrchinomus

196 3134 388 3215 oTelaugis
412 3127 559 3214 epistula.
596 3126 706 3192 fratris
739 3145 815 3210 ergo
844 3133 999 3198 memoria
1032 3133 1112 3200 nihil
1139 3135 1180 3200 ad
1211 3136 1412 3206 Favorinum.

195 3247 279 3323 tene,
303 3240 347 3306 mi
363 3240 493 3321 Maassi,
517 3239 578 3304 hoc
594 3236 720 3302 etiamsi
744 3234 839 3300 aliter
856 3255 890 3303 se
913 3237 1057 3321 haberet,
1082 3262 1141 3324 pro
1158 3250 1191 3310 te
1206 3265 1269 3312 non
1292 3267 1414 3329 pugna-

194 3356 301 3416 turum
331 3348 439 3430 fuisse,
476 3352 525 3413 est
560 3345 644 3412 enim
673 3343 930 3410 Memorabilium
958 3354 1157 3431 excerptum;
1187 3354 1243 3419 sed
1267 3361 1412 3437 augetur,

195 3459 316 3540 opinor,
345 3458 393 3524 vis
421 3474 512 3521 meae
541 3452 720 3520 sententiae
750 3453 777 3518 si
806 3452 845 3517 de
876 3457 1013 3537 utroque
1036 3455 1186 3524 Favorini
1209 3461 1291 3528 libro
1315 3463 1410 3529 valet.

194 3564 291 3630 etiam
315 3583 354 3629 ea
382 3582 464 3646 quae
486 3563 505 3645 ᾗ
529 3561 570 3626 73
599 3561 639 3626 de
666 3565 755 3626 veste
778 3560 981 3642 Empedoclis
1008 3563 1191 3632 referuntur
1221 3569 1412 3636 oFavorini

193 3671 464 3752 Memorabilium,
480 3671 656 3736 intertexta
672 3667 828 3734 Neanthis
846 3671 1033 3753 narrationi,
1051 3674 1261 3757 similiterque
1276 3677 1412 3743 redeunt

195 3781 279 3863 apud
295 3778 434 3860 Suidam,
458 3796 522 3844 non
546 3795 625 3860 opus
642 3782 692 3843 est
716 3795 754 3842 ex
770 3776 926 3844 Favorino
944 3785 1071 3863 sumpta
1088 3800 1159 3848 esse
1183 3782 1223 3847 ab
1238 3782 1408 3866 Hesychio,

262 3993 286 4064 1)
303 3990 489 4048 Memorabilis
511 3988 557 4045 hic
580 3990 665 4058 locus,
690 4005 751 4046 nam
774 3993 920 4058 postquam
945 3989 1077 4063 aSctyro
1099 3997 1238 4048 narratum
1262 4001 1317 4065 cst,
1334 3996 1410 4054 lucta

191 4083 289 4139 vicisse
311 4083 496 4150 Exaenetum,
520 4079 631 4136 addiiur
654 4079 668 4146 ἢ
692 4076 728 4142 ὥς
746 4077 917 4152 Ἡρακλείδης
943 4086 971 4136 ἰν
993 4081 1023 4155 τῇ
1046 4085 1156 4156 ἐπιτομῇ
1178 4082 1279 4157 δρόμῳ.
1320 4087 1408 4142 rideri

191 4172 276 4242 igitur
293 4177 387 4241 potest
405 4177 502 4226 auctor
522 4170 594 4226 vitae
615 4169 741 4240 Satyrum
760 4170 848 4239 ipsum
867 4186 929 4225 cum
947 4172 1096 4240 epitomate
1115 4175 1306 4243 composuisse.
1334 4178 1407 4244 quod

190 4280 245 4318 non
263 4262 455 4318 necessarium.
486 4260 683 4316 demonstrarit
702 4260 773 4315 enim
792 4260 928 4316 Dialesius
946 4261 1118 4317 Heraclidem
1130 4263 1261 4317 Lembum
1278 4271 1408 4334 excerpta

192 4369 206 4408 ε
227 4354 324 4422 Satyro
343 4367 404 4407 cnm
424 4351 544 4406 Sotionis
564 4350 701 4420 excerptis
719 4350 924 4421 permiscuissc;
948 4366 1035 4420 neque
1057 4351 1125 4405 nihil
1149 4351 1182 4406 de
1202 4366 1251 4406 suo
1269 4352 1406 4410 addidisse

191 4444 342 4500 censendus
360 4448 402 4497 est
421 4442 539 4511 scriptor
558 4441 660 4497 saeculi
678 4439 857 4498 Aristarchei.
