3420 5408
335 487 375 550 12

330 663 447 746 placet,
469 627 703 740 observaiione,
721 658 806 740 quod
825 676 983 740 persaepe
999 658 1137 741 quodam
1153 657 1279 724 vinculo
1294 656 1559 741 philosophorum

331 771 452 854 placita
475 768 561 852 apud
584 768 749 832 Laertium
773 785 843 832 cnm
867 766 1022 832 librorum
1047 766 1203 848 catalogis
1227 766 1292 832 sint
1315 765 1473 849 copulata.
1513 765 1560 834 Ut

332 899 371 944 ex
395 877 550 960 exemplis
573 874 817 941 Nietzscheanis
841 873 905 939 tria
927 873 1105 956 proferam,
1129 873 1207 939 VIII
1230 875 1249 937 9
1274 871 1309 938 ἐν
1333 872 1368 936 δὲ
1391 884 1455 948 τοῖς
1477 873 1560 958 τρισὶ

332 983 558 1071 συγγράμμασι
579 993 647 1057 τοῖς
668 984 906 1068 προειρημένοις
930 986 1060 1067 φέρεται
1084 980 1284 1068 Πυθαγόρου
1306 977 1400 1045 τάδε·
1445 981 1493 1048 IX
1515 980 1557 1045 45

331 1094 385 1159 καὶ
411 1095 516 1158 ταῦτα
546 1094 606 1176 μὲν
633 1085 720 1176 αὐτῷ
748 1086 865 1154 ἐδόκει·
897 1087 939 1153 τὰ
971 1089 1009 1153 δὲ
1036 1087 1149 1171 βιβλία
1177 1085 1279 1155 αι’νιοῦ
1307 1087 1361 1152 καὶ
1389 1087 1560 1175 Θράσυλος

331 1199 538 1286 ἀναγέγραφε
571 1195 656 1262 κατὰ
689 1194 782 1276 τάξιν
817 1194 915 1272 οὕτως
947 1195 1083 1283 ὡσπερεὶ
1115 1201 1170 1260 καὶ
1197 1195 1235 1260 τοὶ
1267 1193 1439 1271 Πλάτωνος
1476 1197 1559 1262 κατὰ

331 1309 549 1397 τετραλογίαν.
596 1306 658 1370 VH
681 1306 723 1370 38
751 1302 816 1368 ἐστὶ
843 1307 904 1387 μὲν
926 1301 987 1370 οὖν
1010 1300 1109 1370 αὐτοῦ
1142 1303 1198 1368 καὶ
1224 1302 1262 1368 τοὶ
1289 1308 1559 1391 προγεγραμμένα

330 1419 441 1503 βιβλία
470 1415 595 1498 πολλοὶ,
631 1414 667 1480 ἐν
701 1413 746 1488 οἷς
781 1412 937 1499 ἐλάλησεν
969 1411 1010 1488 ὡς
1044 1407 1148 1487 οὐδεὶς
1176 1418 1240 1476 τῶν
1269 1410 1422 1476 danucia·
1451 1409 1493 1474 τὰ
1524 1411 1559 1475 δὲ

331 1523 481 1608 δόγματα
503 1526 617 1598 κοινῶς
639 1522 705 1586 ἐστὶ
727 1519 811 1586 τάδε.
842 1522 934 1586 Hanc
957 1520 1144 1586 conectendi
1165 1520 1323 1585 rationem
1348 1518 1494 1586 aDiocle
1518 1519 1560 1584 ad

331 1633 496 1698 Laertium
519 1631 697 1696 transiisse.
738 1629 862 1696 Delude
883 1629 1007 1712 placita
1029 1628 1161 1710 Epicuri
1186 1631 1219 1692 et
1241 1627 1380 1692 indicem
1403 1626 1559 1692 librorum

331 1743 447 1808 mirum
470 1743 505 1806 in
530 1740 657 1804 modum
682 1739 873 1804 consentire.
921 1737 1032 1819 Neque
1061 1736 1146 1802 enim
1177 1734 1283 1802 omnia
1306 1735 1438 1817 Epicuri
1461 1753 1559 1817 opera

332 1851 388 1917 sed
413 1849 533 1916 selecta
556 1847 658 1913 XLIV
679 1846 874 1924 enumerari3
901 1863 983 1928 quae
1006 1843 1197 1924 placitorum
1221 1843 1360 1924 scriptor
1382 1842 1560 1910 testimonii

330 1959 401 2023 loco
441 1955 589 2020 adhihult
626 1953 755 2036 viginti,
795 1952 926 2018 omnia
963 1951 997 2017 ln
1036 1950 1100 2016 illis
1135 1950 1238 2016 XLIV
1272 1969 1354 2016 esse.
1412 1950 1462 2016 Ab
1496 1933 1573 2016 uno¹

332 2065 432 2146 igitur
463 2062 638 2144 eodemque
667 2065 798 2126 auctore
828 2064 861 2124 et
888 2059 1080 2141 placitorum
1110 2062 1144 2124 et
1174 2077 1306 2140 operum
1341 2058 1560 2124 recensionem

331 2171 509 2255 profectam
534 2188 620 2249 esse,
651 2168 718 2234 scil.
745 2187 764 2232 a
787 2167 908 2234 Diocle.
955 2167 1057 2232 Porro
1086 2165 1229 2248 exceptis
1253 2166 1377 2231 duobus
1401 2165 1561 2248 Thrasylli

332 2278 490 2345 indicibus
522 2294 631 2342 omncs
659 2276 861 2341 Demetrium
889 2275 1075 2358 Magnetem
1105 2274 1226 2339 hahere
1260 2278 1423 2340 auctorem
1454 2281 1496 2322 ’-
1526 2274 1561 2340 id

332 2387 418 2470 quod
441 2405 475 2450 se
493 2385 557 2449 alia
579 2387 641 2464 via,
666 2384 706 2450 de
722 2403 785 2466 qua
807 2388 882 2466 post
904 2384 1025 2464 videro,
1050 2382 1210 2448 invenisse
1232 2383 1391 2464 gloriatur
1406 2403 1463 2447 -ε
1483 2401 1560 2464 ergo

332 2495 532 2560 Demetrium
555 2491 756 2574 Magnetem,
786 2491 1038 2574 quotiescunque
1066 2491 1152 2573 apud
1175 2490 1340 2558 Laertium
1368 2491 1436 2557 sive
1458 2491 1562 2558 lateat

332 2622 390 2668 scu
414 2605 608 2683 compareat,
633 2600 743 2665 deberi
766 2600 879 2665 Diocli.
924 2598 1074 2666 Dioclis
1099 2600 1310 2681 epitomam
1333 2617 1419 2665 esse
1443 2599 1562 2664 Laer-

332 2711 430 2776 tium
453 2709 680 2790 Diogenem:
705 2708 791 2790 quod
814 2711 886 2772 erat
909 2707 1202 2774 demonstrandum.

420 2817 450 2882 b.
479 2808 647 2882 Sumamus
662 2815 786 2880 Laertii
809 2815 907 2882 verba
931 2834 979 2895 ea,
1004 2814 1089 2879 unde
1110 2812 1326 2896 proficiscitur
1342 2815 1562 2898 Nictzscheus,

331 2932 419 2992 recte
450 2943 522 2990 esse
550 2923 724 3006 explicata:
757 2942 839 3006 quae
869 2924 944 2989 inde
974 2922 1174 2990 consectaria
1202 2941 1273 2988 esse
1293 2923 1399 2996 ‚voluit
1425 2925 1564 3006 primurn

333 3033 528 3116 ponderabo.
559 3031 651 3095 trac
688 3050 752 3097 non
791 3031 897 3113 logica
934 3036 1061 3096 tantum
1100 3031 1298 3113 specialia
1335 3031 1485 3097 Laertius
1522 3031 1563 3097 de

333 3143 445 3208 Diocle
480 3140 692 3222 prompserit,
732 3140 790 3204 scd
828 3139 892 3204 alia
930 3141 994 3205 iam
1033 3144 1142 3206 antea:
1180 3139 1301 3205 stoicae
1339 3137 1562 3222 philosophiae

332 3250 526 3332 parIItiones
558 3266 598 3312 nc
633 3252 710 3314 tunc
744 3248 872 3330 quidem
906 3248 948 3312 ad
975 3247 1120 3313 Dioclem
1154 3246 1276 3314 referre
1311 3247 1436 3314 licitum
1465 3249 1561 3312 esset.

334 3359 479 3440 Namque
503 3355 543 3420 dc
566 3355 679 3437 logicis
701 3355 888 3438 loqueretur
912 3356 1104 3438 specialibus
1129 3360 1162 3422 et
1186 3355 1400 3437 generalibus
1424 3359 1562 3435 utraque

334 3464 439 3530 Diocli
463 3462 636 3543 addiceret,
661 3468 832 3545 praeterea
854 3463 943 3530 nihil.
991 3451 1110 3543 Quodsi
1134 3462 1344 3530 Nietzschcus
1368 3464 1452 3544 inde,
1477 3461 1563 3545 quod

334 3576 436 3638 testes
464 3573 497 3636 in
526 3570 766 3654 partitionibus·
785 3572 957 3640 advocatos
986 3573 1064 3638 dicit
1096 3572 1226 3638 eosdem
1261 3589 1341 3654 quos
1375 3572 1409 3636 in
1436 3570 1561 3652 logicis,

336 3699 533 3746 communem
557 3699 667 3745 eorum
691 3680 831 3762 conlegit
855 3682 1020 3763 originem,
1046 3682 1188 3764 graviter
1212 3679 1346 3748 errarit:
1372 3679 1453 3746 nihil
1478 3679 1562 3744 enim

334 3787 562 3871 partItionibus
587 3807 657 3852 cum
679 3789 800 3854 Diocle:

380 3895 537 3960 Levitatis
584 3896 702 3962 iterum
745 3896 977 3962 insimulandus
1021 3901 1079 3962 est.
1152 3895 1297 3962 Concedo
1342 3896 1375 3960 in
1425 3899 1561 3978 utraque

336 4005 521 4086 dogmatum
555 4005 762 4085 percursione
792 4004 971 4071 Stoicorum
1005 4005 1180 4070 eorundem
1217 4008 1328 4070 extare
1365 4003 1560 4069 testimonia.

335 4112 379 4177 At
401 4131 465 4177 non
489 4130 619 4177 omnes
642 4112 813 4196 utrobique
838 4130 1024 4195 sponsores3
1054 4132 1128 4178 nam
1152 4113 1238 4195 quod
1260 4111 1452 4178 nobilissimi
1474 4111 1562 4177 velut

336 4221 420 4286 Zeno
453 4218 603 4286 Citiensis
634 4219 830 4304 Chrysippus
859 4221 1049 4289 Posidonius
1078 4224 1284 4302 repetuntur,
1320 4218 1401 4284 nihil
1428 4237 1561 4302 prorsus

335 4328 460 4409 prohat.
507 4329 689 4412 Ignotiores
713 4329 853 4394 Phanias
875 4329 1057 4395 Endromus
1079 4329 1241 4395 Eudemus
1263 4328 1425 4409 Diogenes
1454 4326 1561 4393 Ptole·

336 4436 495 4502 maeensis
533 4437 567 4501 in
605 4437 682 4504 solis
720 4436 949 4518 partitionibus
988 4438 1173 4516 occurrunt;
1214 4435 1247 4500 in
1284 4435 1390 4518 logica
1428 4434 1561 4516 speciali
