3432 5400
363 473 425 537 106

449 652 479 716 2.
516 649 662 715 Alterum
701 650 882 732 exemplum
921 648 961 714 (le
1007 649 1048 714 iis
1085 649 1142 732 qui
1179 649 1368 715 servitutem
1407 650 1585 716 servieumt

358 756 559 840 philosophis
580 755 614 822 11
640 757 680 822 18
703 752 891 840 inveni¹¹⁸):

597 861 704 918 Gellius
969 861 974 950 l
1058 905 1061 918 .
1228 862 1356 918 Laertius

356 992 417 1056 Eu
430 989 551 1076 quibus
566 987 624 1054 ille
639 987 858 1076 Menippus
860 988 946 1074 fuit
997 989 1043 1056 VI
1058 991 1100 1053 99
1125 993 1399 1064 Μένιππος-
1415 991 1585 1068 teritorio

998 1109 1096 1180 φησιν
1142 1091 1581 1181 ²Azetiinigtuq'aiouotg.

356 1201 425 1271 Sed
442 1208 475 1267 et
501 1201 721 1289 Theophrasti
733 1201 946 1291 peripatetici
997 1202 1086 1268 V36
1109 1205 1249 1287 φέρεται
1262 1199 1363 1268 αὐτοῦ
1386 1203 1442 1267 καὶ
1466 1205 1583 1281 δοῦλος

356 1329 473 1374 seruus
499 1309 719 1396 Pompylus
999 1303 1185 1394 Πάμπολος,
1215 1309 1311 1372 ιιαδά
1338 1326 1417 1395 φησι
1446 1315 1582 1397 Μυρω-

996 1411 1133 1491 νιανὸς
1155 1414 1199 1482 ἐν
1221 1416 1361 1503 πράτῳ
1382 1421 1460 1482 τοῖν
1479 1415 1583 1500 δμοί-

997 1544 1047 1588 ιον
1060 1521 1266 1608 ἲστοριιιῶν
1281 1523 1579 1610 asportatum).

354 1637 387 1696 et
418 1629 564 1696 Zenonis
597 1629 695 1696 siout
727 1649 845 1695 seruus
881 1630 946 1717 qut
996 1627 1058 1695 VII
1080 1630 1133 1695 36.

355 1741 561 1804 Persaeus
582 1743 716 1802 uocatus
736 1744 786 1803 est

353 1851 386 1910 et
417 1843 566 1932 Epicuri
599 1843 660 1910 cui
694 1847 787 1933 Mys
823 1867 943 1912 nomeu
997 1840 1354 1929 Χ4οννεῳιλοσόφοον
1372 1897 1379 1911 .
1394 1898 1400 1913 .
1418 1842 1507 1909 ἀλλὰ
1528 1853 1580 1910 καὶ

348 1952 435 2039 fuit
453 1950 649 2041 ptu'losoptu'
675 1973 744 2017 nou
770 1953 943 2019 incelebris
996 1949 1112 2024 δοῦλος
1135 1949 1210 2025 Μῦς
1238 1951 1353 2035 ὄνομα,
1384 1952 1479 2015 καθά
1502 1969 1578 2038 φησι

352 2059 524 2126 venerunt.
997 2054 1579 2142 Μνρωνιανὸςένὸμοίοιςῖστο-

995 2173 1118 2247 perois
1141 2163 1387 2249 κεφαλαίοις.

352 2269 562 2357 Diogenes
574 2271 674 2337 etiam
688 2270 825 2359 cynicus
838 2271 941 2339 serui·
994 2269 1040 2335 VI
1055 2271 1097 2334 29
1114 2287 1198 2352 sqq.:
1223 2270 1300 2355 ῳρσδ
1312 2275 1525 2348 Μένιππος
1541 2272 1580 2338 ἐν

352 2383 454 2443 tutem
476 2376 624 2444 seru'ru't.
658 2377 726 2447 Sed
740 2378 939 2445 isexliber·
996 2379 1213 2454 Διογένους
1235 2378 1393 2462 πράσει,
1419 2377 1461 2454 ὡς
1484 2379 1580 2454 ἁλούς

350 2490 415 2548 tute
437 2482 477 2549 iu
498 2482 689 2550 seruitutem
703 2507 826 2551 venum
842 2485 937 2552 e'erut.
992 2487 1048 2545 rel
1063 2482 1271 2567 πωλούμενος
1285 2479 1449 2571 pposito,
1465 2489 1496 2550 ot
1512 2487 1579 2551 otoo

353 2594 459 2677 Quem
473 2613 549 2656 cum
560 2612 667 2657 emere
676 2593 772 2658 vellet
781 2592 940 2680 Ξενιάδης
992 2600 1108 2671 noreio,
1131 2585 1345 2674 ἀπεκρίνατο·
1368 2587 1502 2675 ἀνδρῶν
1524 2593 1578 2677 ἄρ

254 2741 260 2753 ·
352 2702 524 2782 Κορίνθιος
545 2704 585 2772 et,
610 2697 698 2784 quid
716 2697 860 2786 artificii
879 2721 937 2765 no·
989 2715 1072 2777 χειν·
1097 2747 1126 2762 ..
1156 2696 1243 2776 ἔλεγε
1277 2701 1321 2785 τῷ
1354 2698 1498 2788 Ξενιάδῃ
1535 2701 1577 2787 τῷ

349 2803 456 2879 uisset,
486 2810 569 2870 esset
587 2811 810 2892 percontatus,
838 2806 937 2872 ‘novo‘
991 2807 1170 2888 πριαμένῳ,
1193 2800 1384 2870 αὐτὸνδεῖν
1399 2810 1577 2870 πείθεσθαι

349 2909 465 2998 ιἰῳαά
511 2910 684 2998 Diogenes
736 2911 938 2978 ‘homene'tus
991 2905 1080 2998 αὐτῷ
1116 2912 1146 2975 εἰ
1182 2910 1238 2974 καὶ
1275 2912 1392 2988 δοῦλος
1427 2916 1491 2998 εἴη·

348 3016 662 3104 teterrsiuperare'.
684 3018 938 3106 ΤαπιΞενιάδης
991 3015 1189 3100 Εὔβουλος
1222 3019 1264 3082 δέ
1298 3033 1419 3104 φησιν
1456 3020 1496 3086 ἐν
1529 3021 1577 3108 τῷ

349 3132 543 3211 responsum
565 3124 640 3192 eius
656 3126 843 3192 demiratus
857 3125 939 3192 emit
990 3120 1319 3212 ἐπιγραφομένῳ
1348 3131 1576 3206 Διογένους

347 3236 381 3295 et
392 3253 499 3296 manu
512 3231 626 3299 emisit
634 3232 798 3321 filiosque
811 3256 890 3300 suos
904 3232 939 3298 ei
990 3233 1134 3316 πράσις
1162 3228 1260 3307 οὕτως
1288 3233 1380 3314 ἄγειν
1403 3233 1478 3309 rote
1500 3246 1575 3297 παῖ-

347 3337 483 3402 traa'ens
512 3339 636 3428 ‘accipe'
665 3339 781 3428 iuquit
808 3339 936 3406 ‘liberos
991 3335 1053 3412 δας
1076 3335 1249 3406 Ξενιάδου.

347 3465 434 3510 meos
454 3445 576 3533 quitus
598 3445 757 3534 ruperat.

438 3553 595 3620 Achaious
618 3555 718 3638 igitur
733 3555 941 3637 Myronisnus
957 3553 1129 3636 Menippus
1151 3554 1296 3621 Eubulus
1320 3555 1405 3620 iuter
1425 3555 1575 3621 Favorini

347 3664 496 3727 auctores
518 3663 708 3729 numerandi
732 3666 816 3728 sunt.

419 3813 470 3885 ¹¹³)
487 3815 532 3870 Ex
550 3815 844 3885 epomnomoneumeus
863 3815 970 3871 Gellius
989 3815 1099 3870 violetur
1117 3815 1277 3884 sumpsisse:

347 3897 509 3971 11117‚1-2
528 3900 562 3955 de
575 3899 689 3955 Plutone
702 3899 820 3956 Philolai
838 3901 971 3956 librorum
984 3906 1107 3970 emptore
1127 3899 1281 3972 [Satyrus
1299 3901 1391 3955 Laert.
1412 3899 1454 3953 111
1467 3901 1506 3970 9]‚

383 3984 420 4038 lb.
493 3985 553 4040 title
563 3984 714 4040 Aristotele
725 3984 870 4054 Speusippi
886 3985 1019 4042 librorum
1028 3991 1150 4055 emptore
1165 3985 1235 4055 [1v5
1245 3984 1412 4040 Favorini
1429 3988 1573 4056 apostol,

493 4068 557 4124 ide
576 4067 698 4124 Timonis
716 4069 745 4124 in
763 4069 904 4125 Plutonem
923 4069 1055 4125 oouvieiis
1074 4070 1290 4141 [Hermippus
1309 4070 1378 4125 VIII
1396 4070 1451 4140 85].

347 4154 518 4223 Quemquam
535 4159 651 4223 possunt
663 4153 745 4208 etiem
758 4153 792 4208 οδ
806 4153 976 4222 omnIgonem
993 4152 1020 4207 t.
1035 4152 1146 4224 referri3
1168 4155 1276 4224 saepius
1289 4153 1362 4209 euim
1375 4171 1425 4209 suu
1442 4152 1573 4223 repetivit

345 4237 507 4292 Favorinus.
545 4235 586 4291 cl.
605 4236 673 4291 VIII
693 4239 725 4292 12
746 4237 821 4306 [edu.
843 4237 915 4308 106].

421 4320 473 4390 ¹¹4)
491 4321 562 4376 Hine
585 4320 730 4390 expeditur
752 4322 826 4392 quod
844 4338 870 4390 p.
889 4323 924 4378 79
942 4322 976 4377 tle
996 4322 1158 4392 Myroniuno
1177 4321 1242 4377 dixi.
1270 4322 1389 4378 Fallitur
1400 4321 1571 4377 Buhusolsius

345 4422 373 4475 p.
391 4408 424 4462 51
444 4423 470 4460 u.
490 4437 526 4446 ·-
544 4406 588 4462 De
604 4405 644 4462 VI
663 4407 696 4463 29
715 4405 750 4460 ol.
768 4405 927 4463 Nietusohei
944 4422 1036 4477 progr.
1054 4423 1081 4477 p.
1102 4408 1144 4462 28.
