<?xml version="1.0" encoding="UTF-8"?>
<!DOCTYPE html PUBLIC "-//W3C//DTD XHTML 1.0 Transitional//EN"
    "http://www.w3.org/TR/xhtml1/DTD/xhtml1-transitional.dtd">
<html xmlns="http://www.w3.org/1999/xhtml" xml:lang="en" lang="en">
 <head>
  <title>
</title>
<meta http-equiv="Content-Type" content="text/html;charset=utf-8" />
  <meta name='ocr-system' content='tesseract 3.04.00' />
  <meta name='ocr-capabilities' content='ocr_page ocr_carea ocr_par ocr_line ocrx_word'/>
</head>
<body>
  <div class='ocr_page' id='page_1' title='image "./debiographisgra01maasgoog_0070.png"; bbox 0 0 3420 5408; ppageno 0'>
   <div class='ocr_carea' id='block_1_1' title="bbox 1325 504 1366 568">
    <p class='ocr_par' dir='ltr' id='par_1_1' title="bbox 1325 504 1366 568">
     <span class='ocr_line' id='line_1_1' title="bbox 1325 504 1366 568; baseline 0 0"><span class='ocrx_word' id='word_1_1' title='bbox 1325 504 1366 568; x_wconf 87' lang='grc'>65</span> 
     </span>
    </p>
   </div>
   <div class='ocr_carea' id='block_1_2' title="bbox 51 677 1379 3966">
    <p class='ocr_par' dir='ltr' id='par_1_2' title="bbox 51 677 1375 1832">
     <span class='ocr_line' id='line_1_2' title="bbox 228 677 1367 764; baseline 0.004 -20"><span class='ocrx_word' id='word_1_2' title='bbox 228 677 374 760; x_wconf 84' lang='lat' dir='ltr'>Adposui</span> <span class='ocrx_word' id='word_1_3' title='bbox 397 683 617 761; x_wconf 82' lang='lat' dir='ltr'><strong>excerptorum</strong></span> <span class='ocrx_word' id='word_1_4' title='bbox 635 679 761 761; x_wconf 86' lang='lat' dir='ltr'>seriem,</span> <span class='ocrx_word' id='word_1_5' title='bbox 786 699 850 764; x_wconf 87' lang='lat' dir='ltr'>qua</span> <span class='ocrx_word' id='word_1_6' title='bbox 865 699 1007 746; x_wconf 89' lang='lat' dir='ltr'>summae</span> <span class='ocrx_word' id='word_1_7' title='bbox 1024 681 1242 747; x_wconf 79' lang='lat' dir='ltr'>similitudinis</span> <span class='ocrx_word' id='word_1_8' title='bbox 1258 701 1367 748; x_wconf 90' lang='lat' dir='ltr'>mone-</span> 
     </span>
     <span class='ocr_line' id='line_1_3' title="bbox 140 785 1372 871; baseline 0.004 -22"><span class='ocrx_word' id='word_1_9' title='bbox 140 803 192 850; x_wconf 88' lang='lat' dir='ltr'>am</span> <span class='ocrx_word' id='word_1_10' title='bbox 216 803 298 867; x_wconf 89' lang='lat' dir='ltr'>quae</span> <span class='ocrx_word' id='word_1_11' title='bbox 321 787 386 851; x_wconf 92' lang='lat' dir='ltr'>nisi</span> <span class='ocrx_word' id='word_1_12' title='bbox 421 805 459 850; x_wconf 87' lang='lat' dir='ltr'>ex</span> <span class='ocrx_word' id='word_1_13' title='bbox 483 787 659 852; x_wconf 90' lang='lat' dir='ltr'>communis</span> <span class='ocrx_word' id='word_1_14' title='bbox 694 785 793 853; x_wconf 87' lang='lat' dir='ltr'>fontis</span> <span class='ocrx_word' id='word_1_15' title='bbox 828 807 889 853; x_wconf 90' lang='lat' dir='ltr'>usu</span> <span class='ocrx_word' id='word_1_16' title='bbox 916 788 1068 870; x_wconf 85' lang='lat' dir='ltr'>explicari</span> <span class='ocrx_word' id='word_1_17' title='bbox 1104 791 1226 871; x_wconf 91' lang='lat' dir='ltr'>nequit.</span> <span class='ocrx_word' id='word_1_18' title='bbox 1277 788 1372 856; x_wconf 86' lang='lat' dir='ltr'>Unde</span> 
     </span>
     <span class='ocr_line' id='line_1_4' title="bbox 139 890 1370 977; baseline 0.003 -20"><span class='ocrx_word' id='word_1_19' title='bbox 139 890 270 976; x_wconf 83' lang='lat' dir='ltr'>fectum,</span> <span class='ocrx_word' id='word_1_20' title='bbox 293 897 331 958; x_wconf 87' lang='lat' dir='ltr'>ut</span> <span class='ocrx_word' id='word_1_21' title='bbox 345 894 441 959; x_wconf 91' lang='lat' dir='ltr'>modo</span> <span class='ocrx_word' id='word_1_22' title='bbox 457 894 509 958; x_wconf 92' lang='lat' dir='ltr'>hic</span> <span class='ocrx_word' id='word_1_23' title='bbox 525 894 620 959; x_wconf 91' lang='lat' dir='ltr'>modo</span> <span class='ocrx_word' id='word_1_24' title='bbox 636 894 691 959; x_wconf 91' lang='lat' dir='ltr'>ille</span> <span class='ocrx_word' id='word_1_25' title='bbox 706 894 850 976; x_wconf 83' lang='lat' dir='ltr'>largiora</span> <span class='ocrx_word' id='word_1_26' title='bbox 865 895 1016 960; x_wconf 80' lang='lat' dir='ltr'>exhibeat</span> <span class='ocrx_word' id='word_1_27' title='bbox 1030 896 1118 961; x_wconf 91' lang='lat' dir='ltr'>velut</span> <span class='ocrx_word' id='word_1_28' title='bbox 1134 897 1174 961; x_wconf 92' lang='lat' dir='ltr'>de</span> <span class='ocrx_word' id='word_1_29' title='bbox 1190 897 1370 977; x_wconf 84' lang='lat' dir='ltr'>itineribus,</span> 
     </span>
     <span class='ocr_line' id='line_1_5' title="bbox 51 999 1372 1085; baseline 0.004 -23"><span class='ocrx_word' id='word_1_30' title='bbox 51 1078 53 1081; x_wconf 11' lang='grc'>1</span> <span class='ocrx_word' id='word_1_31' title='bbox 140 999 328 1064; x_wconf 86' lang='lat' dir='ltr'>testimonia</span> <span class='ocrx_word' id='word_1_32' title='bbox 351 1005 460 1066; x_wconf 88' lang='lat' dir='ltr'>tamen</span> <span class='ocrx_word' id='word_1_33' title='bbox 484 1001 591 1066; x_wconf 90' lang='lat' dir='ltr'>omnia</span> <span class='ocrx_word' id='word_1_34' title='bbox 614 1001 781 1082; x_wconf 82' lang='lat' dir='ltr'>Laertius,</span> <span class='ocrx_word' id='word_1_35' title='bbox 815 1002 971 1084; x_wconf 91' lang='lat' dir='ltr'>Apuleius</span> <span class='ocrx_word' id='word_1_36' title='bbox 1000 1003 1042 1067; x_wconf 90' lang='lat' dir='ltr'>ad</span> <span class='ocrx_word' id='word_1_37' title='bbox 1071 1020 1124 1082; x_wconf 86' lang='lat' dir='ltr'>ea,</span> <span class='ocrx_word' id='word_1_38' title='bbox 1154 1021 1236 1085; x_wconf 87' lang='lat' dir='ltr'>quae</span> <span class='ocrx_word' id='word_1_39' title='bbox 1268 1004 1372 1068; x_wconf 92' lang='lat' dir='ltr'>adhuc</span> 
     </span>
     <span class='ocr_line' id='line_1_6' title="bbox 141 1105 1372 1186; baseline 0.004 -17"><span class='ocrx_word' id='word_1_40' title='bbox 141 1105 384 1186; x_wconf 85' lang='lat' dir='ltr'>exscripsimus,</span> <span class='ocrx_word' id='word_1_41' title='bbox 421 1107 553 1174; x_wconf 91' lang='lat' dir='ltr'>nullum.</span> <span class='ocrx_word' id='word_1_42' title='bbox 618 1107 701 1173; x_wconf 85' lang='lat' dir='ltr'>Ecce</span> <span class='ocrx_word' id='word_1_43' title='bbox 737 1109 924 1175; x_wconf 90' lang='lat' dir='ltr'>testimonia</span> <span class='ocrx_word' id='word_1_44' title='bbox 952 1109 1137 1173; x_wconf 91' lang='lat' dir='ltr'>doctissimo</span> <span class='ocrx_word' id='word_1_45' title='bbox 1166 1107 1213 1172; x_wconf 92' lang='lat' dir='ltr'>illi</span> <span class='ocrx_word' id='word_1_46' title='bbox 1248 1110 1372 1174; x_wconf 91' lang='lat' dir='ltr'>auctori</span> 
     </span>
     <span class='ocr_line' id='line_1_7' title="bbox 141 1213 266 1279; baseline -0.008 0"><span class='ocrx_word' id='word_1_47' title='bbox 141 1213 266 1279; x_wconf 85' lang='lat' dir='ltr'>dehita:</span> 
     </span>
     <span class='ocr_line' id='line_1_8' title="bbox 187 1319 1138 1404; baseline 0 -18"><span class='ocrx_word' id='word_1_48' title='bbox 187 1319 362 1386; x_wconf 82' lang='lat' dir='ltr'>Alexandri</span> <span class='ocrx_word' id='word_1_49' title='bbox 385 1320 598 1402; x_wconf 90' lang='lat' dir='ltr'>Polyhistoris</span> <span class='ocrx_word' id='word_1_50' title='bbox 907 1321 945 1387; x_wconf 74' lang='grc' dir='ltr'><strong><em>ἐν</em></strong></span> <span class='ocrx_word' id='word_1_51' title='bbox 968 1320 1138 1404; x_wconf 70' lang='grc' dir='ltr'><strong><em>διαδοχαῖς</em></strong></span> 
     </span>
     <span class='ocr_line' id='line_1_9' title="bbox 188 1425 1193 1514; baseline 0 -22"><span class='ocrx_word' id='word_1_52' title='bbox 188 1425 401 1492; x_wconf 71' lang='lat' dir='ltr'>Anaxilaidae</span> <span class='ocrx_word' id='word_1_53' title='bbox 905 1429 978 1514; x_wconf 78' lang='grc' dir='ltr'><strong><em>περὶ</em></strong></span> <span class='ocrx_word' id='word_1_54' title='bbox 1000 1427 1193 1514; x_wconf 71' lang='grc' dir='ltr'><strong><em>φιλοσόφων</em></strong></span> 
     </span>
     <span class='ocr_line' id='line_1_10' title="bbox 188 1533 1124 1619; baseline 0 -21"><span class='ocrx_word' id='word_1_55' title='bbox 188 1533 426 1615; x_wconf 85' lang='lat' dir='ltr'>Apollodori</span> <span class='ocrx_word' id='word_1_56' title='bbox 451 1533 505 1616; x_wconf 90' lang='lat' dir='ltr'>[de</span> <span class='ocrx_word' id='word_1_57' title='bbox 521 1533 667 1600; x_wconf 83' lang='lat' dir='ltr'>Platonis</span> <span class='ocrx_word' id='word_1_58' title='bbox 691 1535 742 1599; x_wconf 92' lang='lat' dir='ltr'>die</span> <span class='ocrx_word' id='word_1_59' title='bbox 765 1535 882 1619; x_wconf 88' lang='lat' dir='ltr'>natali]</span> <span class='ocrx_word' id='word_1_60' title='bbox 906 1535 943 1600; x_wconf 78' lang='grc' dir='ltr'><strong><em>ἒν</em></strong></span> <span class='ocrx_word' id='word_1_61' title='bbox 965 1545 1124 1618; x_wconf 74' lang='grc' dir='ltr'><strong><em>χρονικοῖς</em></strong></span> 
     </span>
     <span class='ocr_line' id='line_1_11' title="bbox 189 1639 1375 1728; baseline 0 -24"><span class='ocrx_word' id='word_1_62' title='bbox 189 1639 336 1705; x_wconf 75' lang='lat' dir='ltr'>Cleanthi</span> <span class='ocrx_word' id='word_1_63' title='bbox 906 1639 943 1705; x_wconf 79' lang='grc' dir='ltr'><strong><em>ἒν</em></strong></span> <span class='ocrx_word' id='word_1_64' title='bbox 965 1642 1010 1728; x_wconf 80' lang='grc' dir='ltr'>τῷ</span> <span class='ocrx_word' id='word_1_65' title='bbox 1034 1639 1210 1715; x_wconf 78' lang='grc' dir='ltr'><strong><em>Πλάτωνος</em></strong></span> <span class='ocrx_word' id='word_1_66' title='bbox 1233 1639 1375 1727; x_wconf 71' lang='grc' dir='ltr'><strong><em>ἐγκωμίῳ</em></strong></span> 
     </span>
     <span class='ocr_line' id='line_1_12' title="bbox 189 1745 1086 1832; baseline 0.001 -21"><span class='ocrx_word' id='word_1_67' title='bbox 189 1745 379 1812; x_wconf 82' lang='lat' dir='ltr'>Dicaearchi</span> <span class='ocrx_word' id='word_1_68' title='bbox 908 1747 982 1832; x_wconf 75' lang='grc' dir='ltr'><strong><em>περὶ</em></strong></span> <span class='ocrx_word' id='word_1_69' title='bbox 1005 1751 1086 1826; x_wconf 77' lang='grc' dir='ltr'><strong><em>βίων</em></strong></span> 
     </span>
    </p>

    <p class='ocr_par' dir='ltr' id='par_1_3' title="bbox 106 1846 1361 2254">
     <span class='ocr_line' id='line_1_13' title="bbox 106 1846 1188 1939; baseline 0.005 -27"><span class='ocrx_word' id='word_1_70' title='bbox 106 1906 112 1912; x_wconf 90' lang='grc'><em>.</em></span> <span class='ocrx_word' id='word_1_71' title='bbox 191 1852 407 1936; x_wconf 82' lang='lat' dir='ltr'>[Hagesandri</span> <span class='ocrx_word' id='word_1_72' title='bbox 907 1846 944 1917; x_wconf 73' lang='lat' dir='ltr'>dv</span> <span class='ocrx_word' id='word_1_73' title='bbox 966 1851 1188 1939; x_wconf 78' lang='grc' dir='ltr'><strong><em>ὑπομνήμασι]</em></strong></span> 
     </span>
     <span class='ocr_line' id='line_1_14' title="bbox 190 1956 1188 2046; baseline -0.002 -22"><span class='ocrx_word' id='word_1_74' title='bbox 190 1959 336 2026; x_wconf 83' lang='lat' dir='ltr'>Platonis</span> <span class='ocrx_word' id='word_1_75' title='bbox 905 1959 943 2025; x_wconf 74' lang='grc' dir='ltr'><strong><em>ἐν</em></strong></span> <span class='ocrx_word' id='word_1_76' title='bbox 958 1956 1188 2046; x_wconf 72' lang='grc' dir='ltr'><strong><em>Ἀντερασταῖς</em></strong></span> 
     </span>
     <span class='ocr_line' id='line_1_15' title="bbox 192 2063 1361 2153; baseline 0 -21"><span class='ocrx_word' id='word_1_77' title='bbox 192 2065 364 2147; x_wconf 85' lang='lat' dir='ltr'>Speusippi</span> <span class='ocrx_word' id='word_1_78' title='bbox 906 2067 943 2131; x_wconf 74' lang='lat' dir='ltr'>dv</span> <span class='ocrx_word' id='word_1_79' title='bbox 967 2063 1142 2141; x_wconf 60' lang='grc' dir='ltr'><strong><em>Πλάτωνος</em></strong></span> <span class='ocrx_word' id='word_1_80' title='bbox 1163 2064 1361 2153; x_wconf 74' lang='grc' dir='ltr'><strong><em>περιδείπνῳ</em></strong></span> 
     </span>
     <span class='ocr_line' id='line_1_16' title="bbox 191 2172 360 2254; baseline 0 -18"><span class='ocrx_word' id='word_1_81' title='bbox 191 2172 360 2254; x_wconf 88' lang='lat' dir='ltr'>Thrasylli.</span> 
     </span>
    </p>

    <p class='ocr_par' dir='ltr' id='par_1_4' title="bbox 145 2278 1374 2452">
     <span class='ocr_line' id='line_1_17' title="bbox 236 2278 1374 2361; baseline 0 -18"><span class='ocrx_word' id='word_1_82' title='bbox 236 2279 305 2344; x_wconf 88' lang='lat' dir='ltr'>Iam</span> <span class='ocrx_word' id='word_1_83' title='bbox 332 2278 497 2344; x_wconf 83' lang='lat' dir='ltr'>videamus</span> <span class='ocrx_word' id='word_1_84' title='bbox 528 2297 611 2360; x_wconf 90' lang='lat' dir='ltr'>quae</span> <span class='ocrx_word' id='word_1_85' title='bbox 640 2280 681 2344; x_wconf 91' lang='lat' dir='ltr'>ad</span> <span class='ocrx_word' id='word_1_86' title='bbox 709 2284 836 2361; x_wconf 89' lang='lat' dir='ltr'>tempus</span> <span class='ocrx_word' id='word_1_87' title='bbox 875 2285 908 2345; x_wconf 89' lang='lat' dir='ltr'>et</span> <span class='ocrx_word' id='word_1_88' title='bbox 941 2298 1057 2345; x_wconf 89' lang='lat' dir='ltr'>nomen</span> <span class='ocrx_word' id='word_1_89' title='bbox 1085 2279 1228 2346; x_wconf 89' lang='lat' dir='ltr'>auctoris</span> <span class='ocrx_word' id='word_1_90' title='bbox 1257 2279 1374 2344; x_wconf 87' lang='lat' dir='ltr'>lucrati</span> 
     </span>
     <span class='ocr_line' id='line_1_18' title="bbox 145 2403 256 2452; baseline -0.018 0"><span class='ocrx_word' id='word_1_91' title='bbox 145 2403 256 2452; x_wconf 83' lang='lat' dir='ltr'>sumus.</span> 
     </span>
    </p>

    <p class='ocr_par' dir='ltr' id='par_1_5' title="bbox 144 2490 1375 2683">
     <span class='ocr_line' id='line_1_19' title="bbox 239 2490 1375 2575; baseline 0.002 -20"><span class='ocrx_word' id='word_1_92' title='bbox 239 2495 267 2557; x_wconf 87' lang='lat' dir='ltr'>l.</span> <span class='ocrx_word' id='word_1_93' title='bbox 291 2492 368 2557; x_wconf 88' lang='lat' dir='ltr'>Fuit</span> <span class='ocrx_word' id='word_1_94' title='bbox 396 2490 452 2556; x_wconf 91' lang='lat' dir='ltr'>ille</span> <span class='ocrx_word' id='word_1_95' title='bbox 475 2495 550 2572; x_wconf 92' lang='lat' dir='ltr'>post</span> <span class='ocrx_word' id='word_1_96' title='bbox 574 2490 777 2573; x_wconf 83' lang='lat' dir='ltr'>Thrasyllum</span> <span class='ocrx_word' id='word_1_97' title='bbox 801 2491 920 2558; x_wconf 86' lang='lat' dir='ltr'>Tiberii</span> <span class='ocrx_word' id='word_1_98' title='bbox 951 2511 1101 2558; x_wconf 90' lang='lat' dir='ltr'>coaevum</span> <span class='ocrx_word' id='word_1_99' title='bbox 1131 2499 1264 2560; x_wconf 80' lang='lat' dir='ltr'>etanta</span> <span class='ocrx_word' id='word_1_100' title='bbox 1288 2493 1375 2575; x_wconf 91' lang='lat' dir='ltr'>Apu-</span> 
     </span>
     <span class='ocr_line' id='line_1_20' title="bbox 144 2599 424 2683; baseline -0.007 -19"><span class='ocrx_word' id='word_1_101' title='bbox 144 2601 244 2666; x_wconf 90' lang='lat' dir='ltr'>leium</span> <span class='ocrx_word' id='word_1_102' title='bbox 268 2599 309 2683; x_wconf 90' lang='lat' dir='ltr'>[c.</span> <span class='ocrx_word' id='word_1_103' title='bbox 337 2599 424 2683; x_wconf 86' lang='lat'>160].</span> 
     </span>
    </p>

    <p class='ocr_par' dir='ltr' id='par_1_6' title="bbox 146 2704 1377 3215">
     <span class='ocr_line' id='line_1_21' title="bbox 237 2704 1376 2788; baseline -0.001 -17"><span class='ocrx_word' id='word_1_104' title='bbox 237 2709 267 2771; x_wconf 79' lang='grc'>2.</span> <span class='ocrx_word' id='word_1_105' title='bbox 293 2704 528 2788; x_wconf 80' lang='lat' dir='ltr'>Apollodori</span> <span class='ocrx_word' id='word_1_106' title='bbox 556 2705 595 2769; x_wconf 91' lang='lat' dir='ltr'>de</span> <span class='ocrx_word' id='word_1_107' title='bbox 624 2704 770 2770; x_wconf 88' lang='lat' dir='ltr'>Platonis</span> <span class='ocrx_word' id='word_1_108' title='bbox 805 2705 859 2770; x_wconf 90' lang='lat' dir='ltr'>die</span> <span class='ocrx_word' id='word_1_109' title='bbox 885 2704 988 2770; x_wconf 87' lang='lat' dir='ltr'>natali</span> <span class='ocrx_word' id='word_1_110' title='bbox 1023 2707 1243 2771; x_wconf 88' lang='lat' dir='ltr'>testimonium</span> <span class='ocrx_word' id='word_1_111' title='bbox 1277 2725 1376 2787; x_wconf 91' lang='lat' dir='ltr'>supra</span> 
     </span>
     <span class='ocr_line' id='line_1_22' title="bbox 146 2811 1374 2898; baseline -0.002 -19"><span class='ocrx_word' id='word_1_112' title='bbox 146 2815 276 2880; x_wconf 90' lang='lat' dir='ltr'>ostendi</span> <span class='ocrx_word' id='word_1_113' title='bbox 292 2813 336 2898; x_wconf 90' lang='lat' dir='ltr'>[p.</span> <span class='ocrx_word' id='word_1_114' title='bbox 348 2813 406 2896; x_wconf 86' lang='grc'>46]</span> <span class='ocrx_word' id='word_1_115' title='bbox 419 2832 459 2878; x_wconf 88' lang='lat' dir='ltr'>ex</span> <span class='ocrx_word' id='word_1_116' title='bbox 467 2811 731 2893; x_wconf 88' lang='lat' dir='ltr'>homonymorum</span> <span class='ocrx_word' id='word_1_117' title='bbox 744 2813 991 2878; x_wconf 88' lang='lat' dir='ltr'>Laertianorum</span> <span class='ocrx_word' id='word_1_118' title='bbox 1004 2814 1162 2895; x_wconf 89' lang='lat' dir='ltr'>scriptore</span> <span class='ocrx_word' id='word_1_119' title='bbox 1174 2813 1374 2894; x_wconf 90' lang='lat' dir='ltr'>provenisse;</span> 
     </span>
     <span class='ocr_line' id='line_1_23' title="bbox 146 2919 1377 3003; baseline -0.003 -17"><span class='ocrx_word' id='word_1_120' title='bbox 146 2926 319 3003; x_wconf 87' lang='lat' dir='ltr'>utrumque</span> <span class='ocrx_word' id='word_1_121' title='bbox 354 2920 396 2985; x_wconf 88' lang='lat' dir='ltr'>ad</span> <span class='ocrx_word' id='word_1_122' title='bbox 430 2920 581 2985; x_wconf 86' lang='lat' dir='ltr'>Favorini</span> <span class='ocrx_word' id='word_1_123' title='bbox 615 2920 715 2984; x_wconf 85' lang='lat' dir='ltr'>vitam</span> <span class='ocrx_word' id='word_1_124' title='bbox 748 2919 895 2984; x_wconf 92' lang='lat' dir='ltr'>Platonis</span> <span class='ocrx_word' id='word_1_125' title='bbox 929 2920 962 2985; x_wconf 89' lang='lat' dir='ltr'>in</span> <span class='ocrx_word' id='word_1_126' title='bbox 997 2921 1186 3000; x_wconf 82' lang='lat' dir='ltr'>omnigenae</span> <span class='ocrx_word' id='word_1_127' title='bbox 1220 2919 1377 2984; x_wconf 87' lang='lat' dir='ltr'>historiae</span> 
     </span>
     <span class='ocr_line' id='line_1_24' title="bbox 147 3025 1376 3110; baseline -0.004 -16"><span class='ocrx_word' id='word_1_128' title='bbox 147 3033 261 3094; x_wconf 86' lang='lat' dir='ltr'>octavo</span> <span class='ocrx_word' id='word_1_129' title='bbox 284 3026 368 3092; x_wconf 89' lang='lat' dir='ltr'>libro</span> <span class='ocrx_word' id='word_1_130' title='bbox 393 3025 445 3110; x_wconf 85' lang='lat' dir='ltr'>[cf.</span> <span class='ocrx_word' id='word_1_131' title='bbox 470 3026 579 3092; x_wconf 87' lang='lat' dir='ltr'>Laert.</span> <span class='ocrx_word' id='word_1_132' title='bbox 595 3026 644 3091; x_wconf 94' lang='lat' dir='ltr'>III</span> <span class='ocrx_word' id='word_1_133' title='bbox 666 3025 724 3109; x_wconf 77' lang='lat'>24]</span> <span class='ocrx_word' id='word_1_134' title='bbox 748 3025 943 3107; x_wconf 82' lang='lat' dir='ltr'>descriptam</span> <span class='ocrx_word' id='word_1_135' title='bbox 966 3043 1026 3091; x_wconf 89' lang='lat' dir='ltr'>nos</span> <span class='ocrx_word' id='word_1_136' title='bbox 1049 3027 1197 3106; x_wconf 87' lang='lat' dir='ltr'>remittit,</span> <span class='ocrx_word' id='word_1_137' title='bbox 1221 3025 1282 3090; x_wconf 91' lang='lat' dir='ltr'>hoc</span> <span class='ocrx_word' id='word_1_138' title='bbox 1306 3043 1376 3090; x_wconf 90' lang='lat' dir='ltr'>cum</span> 
     </span>
     <span class='ocr_line' id='line_1_25' title="bbox 146 3134 465 3215; baseline -0.009 -14"><span class='ocrx_word' id='word_1_139' title='bbox 146 3135 344 3202; x_wconf 87' lang='lat' dir='ltr'>necessitate</span> <span class='ocrx_word' id='word_1_140' title='bbox 369 3134 465 3215; x_wconf 80' lang='lat' dir='ltr'>cogit.</span> 
     </span>
    </p>

    <p class='ocr_par' dir='ltr' id='par_1_7' title="bbox 145 3236 1379 3966">
     <span class='ocr_line' id='line_1_26' title="bbox 239 3236 1377 3323; baseline -0.003 -16"><span class='ocrx_word' id='word_1_141' title='bbox 239 3243 269 3308; x_wconf 83' lang='lat'>3.</span> <span class='ocrx_word' id='word_1_142' title='bbox 295 3241 387 3306; x_wconf 93' lang='lat' dir='ltr'>Adde</span> <span class='ocrx_word' id='word_1_143' title='bbox 411 3240 496 3323; x_wconf 91' lang='lat' dir='ltr'>quod</span> <span class='ocrx_word' id='word_1_144' title='bbox 519 3238 638 3304; x_wconf 89' lang='lat' dir='ltr'>ibidem</span> <span class='ocrx_word' id='word_1_145' title='bbox 661 3238 702 3303; x_wconf 91' lang='lat' dir='ltr'>de</span> <span class='ocrx_word' id='word_1_146' title='bbox 726 3236 945 3304; x_wconf 83' lang='lat' dir='ltr'>Charmandro</span> <span class='ocrx_word' id='word_1_147' title='bbox 962 3237 1108 3304; x_wconf 91' lang='lat' dir='ltr'>Platonis</span> <span class='ocrx_word' id='word_1_148' title='bbox 1125 3244 1311 3306; x_wconf 87' lang='lat' dir='ltr'>accusatore</span> <span class='ocrx_word' id='word_1_149' title='bbox 1335 3239 1377 3304; x_wconf 93' lang='lat' dir='ltr'>ad</span> 
     </span>
     <span class='ocr_line' id='line_1_27' title="bbox 145 3345 1376 3430; baseline -0.002 -16"><span class='ocrx_word' id='word_1_150' title='bbox 145 3347 236 3414; x_wconf 87' lang='lat' dir='ltr'>illam</span> <span class='ocrx_word' id='word_1_151' title='bbox 260 3349 380 3416; x_wconf 88' lang='lat' dir='ltr'>diserte</span> <span class='ocrx_word' id='word_1_152' title='bbox 404 3348 452 3414; x_wconf 91' lang='lat' dir='ltr'>ita</span> <span class='ocrx_word' id='word_1_153' title='bbox 473 3345 677 3430; x_wconf 82' lang='lat' dir='ltr'>provocarit,</span> <span class='ocrx_word' id='word_1_154' title='bbox 708 3351 745 3411; x_wconf 92' lang='lat' dir='ltr'>ut</span> <span class='ocrx_word' id='word_1_155' title='bbox 774 3363 903 3411; x_wconf 87' lang='lat' dir='ltr'>eausam</span> <span class='ocrx_word' id='word_1_156' title='bbox 932 3347 1146 3411; x_wconf 88' lang='lat' dir='ltr'>accusationis</span> <span class='ocrx_word' id='word_1_157' title='bbox 1174 3350 1271 3429; x_wconf 87' lang='lat' dir='ltr'>atque</span> <span class='ocrx_word' id='word_1_158' title='bbox 1295 3346 1376 3412; x_wconf 90' lang='lat' dir='ltr'>adeo</span> 
     </span>
     <span class='ocr_line' id='line_1_28' title="bbox 146 3449 1376 3537; baseline -0.004 -16"><span class='ocrx_word' id='word_1_159' title='bbox 146 3456 370 3537; x_wconf 83' lang='lat' dir='ltr'>captivitatem</span> <span class='ocrx_word' id='word_1_160' title='bbox 398 3472 567 3520; x_wconf 89' lang='lat' dir='ltr'>enarrasse</span> <span class='ocrx_word' id='word_1_161' title='bbox 599 3452 776 3519; x_wconf 88' lang='lat' dir='ltr'>censendus</span> <span class='ocrx_word' id='word_1_162' title='bbox 805 3453 849 3517; x_wconf 91' lang='lat' dir='ltr'>sit</span> <span class='ocrx_word' id='word_1_163' title='bbox 872 3451 909 3518; x_wconf 85' lang='lat' dir='ltr'>cf.</span> <span class='ocrx_word' id='word_1_164' title='bbox 935 3452 983 3517; x_wconf 91' lang='lat' dir='ltr'>III</span> <span class='ocrx_word' id='word_1_165' title='bbox 1008 3456 1048 3517; x_wconf 89' lang='grc'>19</span> <span class='ocrx_word' id='word_1_166' title='bbox 1078 3449 1225 3527; x_wconf 79' lang='grc' dir='ltr'><strong><em>κάκεῖνος</em></strong></span> <span class='ocrx_word' id='word_1_167' title='bbox 1249 3452 1376 3537; x_wconf 87' lang='lat' dir='ltr'>[Pollis]</span> 
     </span>
     <span class='ocr_line' id='line_1_29' title="bbox 146 3555 1377 3646; baseline -0.003 -21"><span class='ocrx_word' id='word_1_168' title='bbox 146 3557 281 3640; x_wconf 79' lang='grc' dir='ltr'><strong><em>ἀγαγών</em></strong></span> <span class='ocrx_word' id='word_1_169' title='bbox 304 3556 405 3628; x_wconf 69' lang='lat' dir='ltr'>adedo</span> <span class='ocrx_word' id='word_1_170' title='bbox 428 3562 473 3634; x_wconf 79' lang='grc' dir='ltr'>εἰς</span> <span class='ocrx_word' id='word_1_171' title='bbox 488 3561 635 3641; x_wconf 66' lang='grc' dir='ltr'><strong><em>Αἴγιναν</em></strong></span> <span class='ocrx_word' id='word_1_172' title='bbox 657 3557 871 3642; x_wconf 73' lang='grc' dir='ltr'><strong><em>ἐπίπρασκεν·</em></strong></span> <span class='ocrx_word' id='word_1_173' title='bbox 894 3555 947 3622; x_wconf 79' lang='grc' dir='ltr'>ὅτε</span> <span class='ocrx_word' id='word_1_174' title='bbox 970 3558 1023 3621; x_wconf 74' lang='grc' dir='ltr'>καὶ</span> <span class='ocrx_word' id='word_1_175' title='bbox 1045 3556 1267 3646; x_wconf 78' lang='grc' dir='ltr'><strong><em>Χάρμανδρος</em></strong></span> <span class='ocrx_word' id='word_1_176' title='bbox 1289 3565 1377 3644; x_wconf 77' lang='grc' dir='ltr'><strong><em>Χαρ·</em></strong></span> 
     </span>
     <span class='ocr_line' id='line_1_30' title="bbox 146 3659 1379 3754; baseline -0.004 -21"><span class='ocrx_word' id='word_1_177' title='bbox 146 3667 329 3753; x_wconf 73' lang='grc' dir='ltr'><strong><em>μανδρῖδου</em></strong></span> <span class='ocrx_word' id='word_1_178' title='bbox 355 3665 523 3754; x_wconf 72' lang='grc' dir='ltr'><strong><em>ἐγράψατο</em></strong></span> <span class='ocrx_word' id='word_1_179' title='bbox 551 3659 641 3751; x_wconf 73' lang='grc' dir='ltr'>αὐτῷ</span> <span class='ocrx_word' id='word_1_180' title='bbox 670 3665 762 3750; x_wconf 77' lang='grc' dir='ltr'><strong><em>δίκην</em></strong></span> <span class='ocrx_word' id='word_1_181' title='bbox 789 3662 941 3730; x_wconf 69' lang='grc' dir='ltr'><strong><em>θανάτου</em></strong></span> <span class='ocrx_word' id='word_1_182' title='bbox 969 3663 1053 3728; x_wconf 80' lang='grc' dir='ltr'><strong><em>κατὰ</em></strong></span> <span class='ocrx_word' id='word_1_183' title='bbox 1081 3664 1142 3729; x_wconf 85' lang='grc' dir='ltr'><strong><em>τὸν</em></strong></span> <span class='ocrx_word' id='word_1_184' title='bbox 1167 3668 1246 3752; x_wconf 72' lang='grc' dir='ltr'><strong><em>παρ’</em></strong></span> <span class='ocrx_word' id='word_1_185' title='bbox 1268 3665 1379 3739; x_wconf 75' lang='grc' dir='ltr'><strong><em>αὐτοῖς</em></strong></span> 
     </span>
     <span class='ocr_line' id='line_1_31' title="bbox 146 3768 1378 3860; baseline -0.002 -22"><span class='ocrx_word' id='word_1_186' title='bbox 146 3779 289 3839; x_wconf 73' lang='grc' dir='ltr'><strong><em>τεθέντα</em></strong></span> <span class='ocrx_word' id='word_1_187' title='bbox 316 3772 420 3858; x_wconf 85' lang='grc' dir='ltr'><strong><em>νόμον</em></strong></span> <span class='ocrx_word' id='word_1_188' title='bbox 447 3775 504 3838; x_wconf 80' lang='grc' dir='ltr'><strong><em>τὸν</em></strong></span> <span class='ocrx_word' id='word_1_189' title='bbox 532 3772 659 3857; x_wconf 75' lang='grc' dir='ltr'><strong><em>πρῶτον</em></strong></span> <span class='ocrx_word' id='word_1_190' title='bbox 682 3768 846 3852; x_wconf 76' lang='grc' dir='ltr'><strong><em>ἐπιβάντα</em></strong></span> <span class='ocrx_word' id='word_1_191' title='bbox 864 3770 1055 3856; x_wconf 69' lang='grc' dir='ltr'><strong><em>Ἀθηναίων</em></strong></span> <span class='ocrx_word' id='word_1_192' title='bbox 1077 3779 1114 3860; x_wconf 80' lang='grc' dir='ltr'>τῇ</span> <span class='ocrx_word' id='word_1_193' title='bbox 1138 3770 1223 3860; x_wconf 84' lang='grc' dir='ltr'><strong><em>νήσῳ</em></strong></span> <span class='ocrx_word' id='word_1_194' title='bbox 1246 3773 1378 3857; x_wconf 81' lang='grc' dir='ltr'><strong><em>ἄκριτον</em></strong></span> 
     </span>
     <span class='ocr_line' id='line_1_32' title="bbox 150 3876 1378 3966; baseline -0.002 -21"><span class='ocrx_word' id='word_1_195' title='bbox 150 3878 393 3966; x_wconf 76' lang='grc' dir='ltr'><strong><em>ἀποθνήσκειν·</em></strong></span> <span class='ocrx_word' id='word_1_196' title='bbox 418 3876 458 3963; x_wconf 79' lang='grc' dir='ltr'><strong><em>ἦν</em></strong></span> <span class='ocrx_word' id='word_1_197' title='bbox 481 3881 511 3942; x_wconf 82' lang='grc' dir='ltr'>δ’</span> <span class='ocrx_word' id='word_1_198' title='bbox 534 3877 631 3954; x_wconf 82' lang='grc' dir='ltr'><strong><em>αὐτὸς</em></strong></span> <span class='ocrx_word' id='word_1_199' title='bbox 653 3876 671 3941; x_wconf 81' lang='grc' dir='ltr'><strong><em>ὁ</em></strong></span> <span class='ocrx_word' id='word_1_200' title='bbox 692 3881 765 3952; x_wconf 78' lang='grc' dir='ltr'><strong><em>δεῖς</em></strong></span> <span class='ocrx_word' id='word_1_201' title='bbox 780 3876 837 3944; x_wconf 84' lang='grc' dir='ltr'><strong><em>τὸν</em></strong></span> <span class='ocrx_word' id='word_1_202' title='bbox 852 3879 966 3962; x_wconf 86' lang='grc' dir='ltr'><strong><em>νόμον,</em></strong></span> <span class='ocrx_word' id='word_1_203' title='bbox 990 3877 1103 3942; x_wconf 69' lang='grc' dir='ltr'><strong><em>καθά</em></strong></span> <span class='ocrx_word' id='word_1_204' title='bbox 1125 3896 1219 3962; x_wconf 79' lang='grc' dir='ltr'><strong><em>φησι</em></strong></span> <span class='ocrx_word' id='word_1_205' title='bbox 1243 3882 1378 3960; x_wconf 77' lang='grc' dir='ltr'><strong><em>Φαβω-</em></strong></span> 
     </span>
    </p>
   </div>
   <div class='ocr_carea' id='block_1_3' title="bbox 149 4159 1378 4412">
    <p class='ocr_par' dir='ltr' id='par_1_8' title="bbox 149 4159 1378 4412">
     <span class='ocr_line' id='line_1_33' title="bbox 151 4159 1378 4238; baseline -0.005 -17"><span class='ocrx_word' id='word_1_206' title='bbox 151 4164 206 4222; x_wconf 76' lang='grc' dir='ltr'>ὅτε</span> <span class='ocrx_word' id='word_1_207' title='bbox 228 4168 284 4220; x_wconf 72' lang='grc' dir='ltr'>καὶ</span> <span class='ocrx_word' id='word_1_208' title='bbox 309 4167 350 4238; x_wconf 78' lang='grc' dir='ltr'>τῷ</span> <span class='ocrx_word' id='word_1_209' title='bbox 372 4167 583 4236; x_wconf 77' lang='grc' dir='ltr'><strong><em>πρεσβυτέρῳ</em></strong></span> <span class='ocrx_word' id='word_1_210' title='bbox 604 4166 769 4232; x_wconf 70' lang='grc' dir='ltr'><strong><em>Διονυσίῳ</em></strong></span> <span class='ocrx_word' id='word_1_211' title='bbox 791 4161 1041 4233; x_wconf 76' lang='grc' dir='ltr'><strong><em>συγγενόμενος</em></strong></span> <span class='ocrx_word' id='word_1_212' title='bbox 1065 4159 1309 4224; x_wconf 72' lang='grc' dir='ltr'><strong><em>ἐκινδύνευσεν,</em></strong></span> <span class='ocrx_word' id='word_1_213' title='bbox 1334 4163 1378 4223; x_wconf 78' lang='grc' dir='ltr'>δὶς</span> 
     </span>
     <span class='ocr_line' id='line_1_34' title="bbox 149 4247 1376 4326; baseline -0.005 -16"><span class='ocrx_word' id='word_1_214' title='bbox 149 4259 179 4310; x_wconf 78' lang='grc' dir='ltr'>δὲ</span> <span class='ocrx_word' id='word_1_215' title='bbox 208 4257 274 4326; x_wconf 78' lang='grc' dir='ltr'><strong><em>πρὸς</em></strong></span> <span class='ocrx_word' id='word_1_216' title='bbox 297 4255 344 4310; x_wconf 77' lang='grc' dir='ltr'><strong><em>τὸν</em></strong></span> <span class='ocrx_word' id='word_1_217' title='bbox 369 4255 498 4325; x_wconf 84' lang='grc' dir='ltr'><strong><em>νεώτερον</em></strong></span> <span class='ocrx_word' id='word_1_218' title='bbox 521 4252 668 4308; x_wconf 69' lang='grc' dir='ltr'><strong><em>Διονύσιον.</em></strong></span> <span class='ocrx_word' id='word_1_219' title='bbox 704 4252 808 4305; x_wconf 82' lang='lat' dir='ltr'>Locum</span> <span class='ocrx_word' id='word_1_220' title='bbox 827 4249 1038 4305; x_wconf 82' lang='lat' dir='ltr'>Wilamowitzio</span> <span class='ocrx_word' id='word_1_221' title='bbox 1061 4254 1200 4317; x_wconf 81' lang='lat' dir='ltr'>acceptum</span> <span class='ocrx_word' id='word_1_222' title='bbox 1223 4247 1324 4320; x_wconf 73' lang='lat' dir='ltr'>refero.</span> <span class='ocrx_word' id='word_1_223' title='bbox 1343 4281 1376 4290; x_wconf 92' lang='lat'><em>-</em></span> 
     </span>
     <span class='ocr_line' id='line_1_35' title="bbox 151 4337 1377 4412; baseline -0.003 -13"><span class='ocrx_word' id='word_1_224' title='bbox 151 4345 281 4400; x_wconf 81' lang='lat' dir='ltr'>Ceterum</span> <span class='ocrx_word' id='word_1_225' title='bbox 299 4344 400 4412; x_wconf 89' lang='lat' dir='ltr'>Apulei</span> <span class='ocrx_word' id='word_1_226' title='bbox 419 4349 448 4398; x_wconf 86' lang='lat' dir='ltr'>et</span> <span class='ocrx_word' id='word_1_227' title='bbox 460 4341 565 4397; x_wconf 87' lang='lat' dir='ltr'>Laertii</span> <span class='ocrx_word' id='word_1_228' title='bbox 584 4340 619 4394; x_wconf 85' lang='lat' dir='ltr'>de</span> <span class='ocrx_word' id='word_1_229' title='bbox 637 4339 744 4408; x_wconf 89' lang='lat' dir='ltr'>primo</span> <span class='ocrx_word' id='word_1_230' title='bbox 763 4339 862 4393; x_wconf 89' lang='lat' dir='ltr'>itinere</span> <span class='ocrx_word' id='word_1_231' title='bbox 874 4339 1095 4392; x_wconf 88' lang='lat' dir='ltr'>narratiunculae</span> <span class='ocrx_word' id='word_1_232' title='bbox 1109 4337 1279 4406; x_wconf 80' lang='lat' dir='ltr'>Hagesandri</span> <span class='ocrx_word' id='word_1_233' title='bbox 1297 4340 1377 4394; x_wconf 91' lang='lat' dir='ltr'>redo-</span> 
     </span>
    </p>
   </div>
   <div class='ocr_carea' id='block_1_4' title="bbox 154 4434 1195 4574">
    <p class='ocr_par' dir='ltr' id='par_1_9' title="bbox 154 4434 1195 4574">
     <span class='ocr_line' id='line_1_36' title="bbox 154 4434 396 4500; baseline -0.017 -10"><span class='ocrx_word' id='word_1_234' title='bbox 154 4440 203 4490; x_wconf 85' lang='lat' dir='ltr'>ent</span> <span class='ocrx_word' id='word_1_235' title='bbox 224 4434 396 4500; x_wconf 74' lang='grc' dir='ltr'><strong><em>κακοήθειαν.</em></strong></span> 
     </span>
     <span class='ocr_line' id='line_1_37' title="bbox 204 4517 1195 4574; baseline -0.003 -12"><span class='ocrx_word' id='word_1_236' title='bbox 204 4521 317 4574; x_wconf 73' lang='lat' dir='ltr'>Philolog.</span> <span class='ocrx_word' id='word_1_237' title='bbox 326 4520 524 4574; x_wconf 76' lang='lat' dir='ltr'>[Intereuchungan</span> <span class='ocrx_word' id='word_1_238' title='bbox 535 4520 575 4562; x_wconf 89' lang='lat'><em>111.</em></span> <span class='ocrx_word' id='word_1_239' title='bbox 1179 4517 1195 4574; x_wconf 89' lang='lat'>5</span> 
     </span>
    </p>
   </div>
   <div class='ocr_carea' id='block_1_5' title="bbox 0 0 1723 5408">
    <p class='ocr_par' dir='ltr' id='par_1_10' title="bbox 0 0 1723 5408">
     <span class='ocr_line' id='line_1_38' title="bbox 0 0 1723 5408; baseline 0 0"><span class='ocrx_word' id='word_1_240' title='bbox 0 0 1723 5408; x_wconf 95' lang='lat' dir='ltr'> </span> 
     </span>
    </p>
   </div>
  </div>
 </body>
</html>
