3420 5408
295 418 335 482 18

291 593 352 678 μὲν
376 589 435 658 οὖν
458 573 637 658 σπουδαίου
660 586 772 658 οὐδέν·
797 592 838 656 τά
861 591 898 655 δὲ
919 590 1030 674 βιβλία
1047 590 1147 658 αὐτοῦ
1163 592 1287 659 πολλοῦ
1301 593 1521 673 καταγέλωτος

291 703 381 782 γέμει
414 704 468 763 καί
502 724 532 763 τι
567 701 641 764 ἴσον
673 707 739 773 τοῖς
774 696 966 787 Μελεάγρου
999 696 1059 766 τοῦ
1092 701 1161 764 κατ’
1192 697 1295 767 αὐτὸν
1332 705 1516 785 γενομένου.

337 809 508 891 Menippus
543 807 700 890 Meleagri
734 807 878 889 aequalis
912 808 1081 874 inducitur.
1141 810 1185 874 At
1220 809 1275 875 ille
1312 829 1337 874 e.
1364 812 1428 874 250
1463 807 1516 893 [cf.

292 915 477 981 Nietzschei
500 935 606 996 progr.
634 935 664 996 p.
691 915 732 979 28
750 914 834 998 sqq]
858 916 952 996 vixit,
978 915 1134 998 Meleagri
1164 920 1312 981 senectus
1336 917 1369 980 in
1394 915 1517 982 Seleuci

293 1023 400 1088 ultimi
423 1041 556 1104 regnum
581 1021 684 1104 [93-
699 1040 724 1086 e.
744 1022 800 1106 80]
824 1021 995 1104 incidit¹¹J
1036 1024 1158 1104 Aperta
1182 1028 1233 1088 est
1256 1021 1439 1102 difficultas,
1459 1040 1518 1087 nec

293 1131 409 1196 mirum
433 1130 519 1211 quod
544 1130 576 1193 iu
601 1129 745 1194 diversas
771 1130 873 1195 critici
897 1130 1047 1195 abierunt
1070 1113 1280 1209 coniecturas,
1307 1148 1376 1194 curn
1393 1130 1433 1195 de
1451 1147 1518 1194 cor-

292 1237 421 1320 ruptela
445 1237 672 1302 consentirent.
710 1236 844 1302 Missum
867 1236 950 1302 facio
967 1256 1038 1303 cum
1053 1237 1278 1302 Nietzscheum
1304 1240 1376 1298 ιιιαῐ
1399 1234 1518 1301 αὐτοῦ

292 1328 467 1426 γενοςλένου
491 1345 661 1410 ιιυνικοῦ’
687 1344 880 1410 scribentem
905 1345 998 1428 [mus.
1023 1345 1113 1409 rhen.
1131 1345 1236 1410 XXIV
1259 1364 1289 1427 p.
1311 1345 1383 1407 192.
1408 1363 1516 1424 progr.

292 1472 325 1534 p.
344 1451 400 1535 32]
417 1457 485 1516 tum
502 1457 681 1516 ceterorum
701 1449 761 1534 ¹¹¹]
776 1471 859 1516 vana
876 1452 1056 1516 conamina:
1074 1451 1224 1517 evellitur
1240 1451 1419 1534 scrupulus
1444 1451 1518 1515 dum

292 1578 333 1624 ne
364 1559 581 1624 coniecturam
614 1559 808 1640 pericliteris
837 1559 893 1623 sed
928 1559 1239 1640 interpretationem.
1295 1559 1378 1636 Quid
1414 1558 1518 1623 enim?

294 1663 327 1730 Si
351 1665 449 1730 verba
471 1665 593 1730 Dioclis
617 1684 718 1748 usque
742 1666 783 1730 ad
808 1666 964 1747 Meleagri
995 1666 1181 1730 memoriam
1211 1666 1258 1730 ita
1281 1666 1517 1745 continuantur,

292 1777 329 1836 ut
352 1772 393 1836 ad
416 1772 561 1836 Dioclem
591 1771 702 1837 infelix
730 1773 810 1836 illud
841 1773 921 1834 ‘aar'
954 1769 1064 1838 αὐτόν’
1096 1771 1265 1852 referatur,
1295 1792 1400 1837 nonne
1425 1791 1519 1854 expe·

293 1879 425 1943 (liuntur
449 1880 575 1943 omnia?
611 1879 739 1944 Diocles
763 1898 834 1944 cum
858 1881 1042 1960 scripsisset
1067 1877 1136 1943 ‘rol
1151 1880 1186 1943 δὲ
1209 1880 1318 1961 βιβλία
1343 1884 1520 1945 Μενίππου

293 1985 418 2050 πολλοῦ
446 1985 664 2064 καταγέλωτος
691 1991 779 2070 γέμει
807 1991 863 2049 καί
890 2009 920 2050 τι
945 1989 1016 2051 ἴσον
1044 1998 1111 2061 τοῖς
1136 1985 1330 2070 Μελεάγρου
1359 1991 1417 2051 τοῦ
1440 1989 1520 2050 καθ’

292 2093 377 2176 ἡμᾶς
392 2089 640 2176 γενομένουηλ),
665 2093 814 2160 Laertius
834 2093 915 2159 illud
938 2094 1017 2156 καθ’
1042 2093 1125 2179 ἡμᾶς
1146 2099 1267 2159 temere
1283 2095 1315 2159 in
1332 2095 1401 2158 κατ’
1421 2091 1521 2158 acircio

292 2200 537 2264 transmutando
567 2200 636 2281 ipse
666 2202 820 2282 corrupit.
879 2203 1001 2266 Tantae
1030 2203 1196 2267 socordiae
1224 2201 1343 2266 similia
1370 2205 1522 2282 prostant

294 2306 448 2387 exempla.
459 2303 499 2392 18)
515 2307 604 2372 -U
643 2326 799 2372 summam
815 2307 940 2389 faciam,
958 2309 1115 2390 Meleagri
1138 2310 1236 2374 vitam
1253 2309 1382 2373 Diocles
1399 2309 1519 2389 attigit.

295 2414 385 2491 Quod
410 2433 480 2478 cum
503 2415 611 2495 priore
631 2420 743 2481 nostra
759 2417 885 2480 ratione
901 2416 983 2481 bene
1005 2417 1177 2497 conspirat,
1202 2416 1296 2480 modo
1313 2416 1346 2480 iu
1363 2415 1521 2495 Meleagri

294 2526 492 2586 senectutem
517 2522 736 2587 adulescentia
758 2523 880 2587 Dioclis
903 2523 1062 2587 Inciderit.

383 2630 412 2691 4.
438 2627 481 2692 Et
503 2628 583 2694 illud
607 2630 736 2711 quidem
760 2635 812 2694 sat
830 2629 968 2694 dilucide
992 2630 1062 2710 ipse
1078 2629 1281 2711 Meleager
1305 2629 1340 2692 in
1362 2627 1519 2692 ‘coronae'

293 2734 494 2815 praefatione
518 2735 682 2818 professus
707 2742 769 2800 est:

406 2847 527 2907 Μοῦσα
551 2843 643 2927 φίλη,
667 2848 730 2907 τίνι
753 2841 848 2929 τήνδε
871 2848 978 2928 φέρεις
1001 2840 1198 2928 πάγκαρπον
1221 2839 1354 2929 άοιδιίνς

450 2949 469 3032 ἢ
492 2953 538 3023 τίς
560 2947 578 3013 ὁ
601 2955 656 3013 καὶ
678 2951 789 3030 τεύξας
811 2947 1001 3034 &prodenda
1023 2955 1203 3037 στέφανυν;

406 3057 505 3121 ἄνυσε
527 3060 588 3139 μὲν
611 3058 808 3146 Μελέαγρος,
835 3054 1008 3144 άριζάλῳ
1032 3059 1074 3124 δὲ
1098 3057 1263 3124 Διοκλεῖ

450 3163 663 3248 μναμόσυνον
686 3164 806 3232 ταύταν
829 3163 1001 3252 ἐξεπόνησε
1023 3164 1126 3253 χάριν.
1247 3183 1250 3188 ’

365 3305 403 3375 ¹¹)
421 3303 455 3358 cf.
479 3305 563 3360 schol.
591 3307 694 3362 anthol.
718 3325 744 3376 p.
769 3309 804 3364 82
831 3309 875 3362 rur
902 3307 1030 3363 Σελεύκου
1058 3307 1105 3361 τοῦ
1132 3304 1243 3378 ἐσχάτου
1267 3305 1418 3376 [93—80]:
1443 3304 1522 3358 cuius

294 3391 375 3448 fidem
394 3393 540 3449 Jacobsius
559 3395 672 3466 [anthol.
691 3413 731 3466 gr.
751 3397 842 3454 V137
862 3397 932 3468 sqq]
953 3397 1009 3451 suis
1028 3395 1162 3465 computis
1184 3395 1380 3464 comprobavit.

366 3467 418 3553 111))
435 3485 481 3537 τοῦ
499 3487 545 3537 καὶ
563 3484 642 3539 αὐτοῦ
660 3487 770 3541 κυνικοῦ
791 3493 938 3559 γενομένου
956 3486 1099 3540 Heckerus
1124 3485 1230 3556 [philol.
1247 3484 1271 3539 V
1291 3486 1363 3554 434].

366 3571 404 3642 ¹2)
423 3573 529 3627 Eodem
547 3573 627 3628 modo
648 3575 747 3630 Strabo
767 3592 848 3644 saepe
869 3591 892 3630 θ.
911 3593 950 3646 gr.
968 3593 995 3644 p.
1014 3577 1079 3631 759:
1099 3579 1127 3630 ἔκ
1144 3596 1170 3630 τε
1188 3575 1241 3628 τῶν
1255 3574 1387 3644 Γαδάρων
1404 3571 1521 3638 ψιλοδη·

294 3658 347 3732 pado
365 3681 392 3716 τε
410 3659 424 3714 ὃ
443 3661 617 3734 Επικοάρειος
637 3665 681 3717 καλ
699 3663 910 3736 ὁΜελέαγροςὸ
932 3667 1136 3736 σπουδογέλοιος
1157 3664 1203 3717 καλ
1224 3661 1399 3734 Θεόδωρος
1418 3659 1431 3716 ὃ
1448 3662 1521 3716 καθ’

294 3749 380 3821 ἡμᾶς
398 3751 512 3822 ῥήτωρ.
532 3784 565 3794 -
584 3753 661 3808 Hanc
681 3753 936 3822 interpretationem
955 3760 984 3808 et
1002 3752 1227 3808 Wilamowitzius
1246 3758 1274 3806 et
1292 3767 1343 3820 ego
1362 3751 1522 3806 invenimus.

366 3838 403 3908 13)
421 3839 511 3902 Unum
531 3839 649 3895 sufficiat
661 3841 729 3896 VIII
742 3845 776 3897 90
795 3859 829 3896 ex
848 3842 906 3897 vita
917 3841 1027 3896 Eudoxi
1046 3847 1195 3910 sumptum:

330 3928 357 3998 a)
383 3927 511 4000 γεγόνασι
529 3931 559 3984 δὲ
572 3930 686 3992 Εὔδοξοι
705 3937 787 4003 τρεῖς·
806 3929 885 3991 αὐτὸς
905 3925 992 3992 οὗτος·
1012 3931 1096 4000 ἕτερος
1111 3927 1212 3990 Ῥόδιος
1231 3931 1349 3998 ἱστορίας
1366 3927 1521 4001 γεγραφώς·

384 4023 472 4089 τρίτος
490 4020 699 4086 Σικελιώτης...
719 4026 797 4080 νίκας
820 4018 886 4074 ἑλών
909 4018 1021 4079 άστικάς
1044 4021 1096 4090 μὲν
1119 4025 1197 4089 τρεῖς,
1222 4018 1357 4084 Ληναϊκὰς
1383 4020 1413 4072 δὲ
1438 4023 1522 4087 πέντε,

384 4106 584 4178 καθάφησιν
603 4106 846 4179 Ἀπολλόδωρος
869 4113 902 4162 ἐν
921 4114 1113 4178 Χρονικοῖς.

330 4189 361 4260 b)
386 4187 546 4264 εὑρίσκομεν
565 4191 594 4246 δὲ
612 4193 658 4245 καὶ
675 4193 756 4248 ἄλλον
775 4193 867 4263 ῑατρὸν
884 4194 1009 4256 Κνίδιον,
1034 4195 1096 4263 περὶ
1115 4186 1146 4246 οὗ
1166 4211 1246 4262 φησιν
1261 4191 1410 4253 Εὔδοξος
1428 4195 1457 4246 ἐν
1475 4193 1523 4263 γῆς

384 4273 563 4347 περιόδῳ...

275 4379 278 4384 ¹
332 4359 358 4428 ο)
385 4357 399 4412 ὁ
419 4361 452 4414 δι’
471 4361 569 4422 αὐτὸς
590 4361 660 4430 [scil.
679 4361 864 4431 Apollodorus
883 4363 1120 4433 chronographus]
1141 4385 1205 4432 φησι
1223 4363 1282 4417 τὸν
1296 4365 1442 4416 Κνίδιον
1461 4361 1522 4414 Εὕ-

387 4447 485 4507 δοξον
504 4445 564 4516 [γῆς
583 4446 707 4516 περιόδου
726 4447 901 4516 scriptorem]
922 4447 1046 4520 ἀκμάσαι
1064 4452 1116 4503 κτλ.
1138 4446 1183 4519 [cf.
1202 4464 1228 4516 p.
1248 4449 1282 4502 43
1301 4446 1372 4516 sqq]
