3420 5408
261 701 292 763 p.
310 681 331 743 4
354 679 464 742 statua
488 668 598 754 posita
621 691 642 734 1
662 669 820 750 Philippo

261 787 330 872 p.5
355 785 479 850 Itinera
502 777 736 862 philosophiae
762 768 859 842 causa
882 767 1035 870 suscepta

265 918 296 981 p.
315 899 333 957 7
357 893 396 957 ln
420 885 627 972 philosophia
651 888 786 972 merita.
988 881 991 888 “

547 1082 592 1165 ¹³„
612 1107 657 1166 lle
676 1109 826 1183 llesyohlo
845 1111 877 1168 et
896 1111 1033 1170 Laertio.

266 1219 370 1297 Perg⁰
393 1210 435 1276 ad
456 1207 675 1316 Hp'sychiurn
715 1234 868 1317 Hesychii
890 1237 957 1300 vita
980 1236 1167 1304 Aristotelis
1190 1257 1271 1320 quae
1296 1240 1413 1308 dicitur

170 1324 409 1406 Menagiana
444 1336 591 1407 ί’,11111111
625 1347 799 1424 propterea
826 1347 891 1423 cst,
926 1345 1011 1425 qnod
1042 1345 1197 1411 librorum
1232 1348 1412 1429 catalogum

171 1434 416 1514 Hermippeum
449 1449 579 1516 exhibet
605 1450 778 1514 Laertiano
806 1450 915 1531 paullo
944 1452 1135 1532 pleniorem:
1172 1458 1244 1518 octo
1279 1455 1363 1522 enim
1393 1475 1412 1522 a

170 1542 309 1610 ’11181110
343 1556 457 1621 'omissi
488 1557 624 1622 redeunt
654 1559 688 1624 in
711 1558 913 1639 Menagiana.
965 1558 1002 1623 In
1030 1560 1097 1625 vita
1127 1561 1306 1624 enarranda
1333 1580 1411 1644 prae

176 1651 370 1728 Ptolemaeo
405 1683 468 1730 non
507 1666 728 1747 aspernandus
767 1670 825 1730 est.
885 1665 1033 1731 Tradidit
1070 1666 1170 1732 fuisse
1203 1668 1410 1736 Aristotelem

275 1769 422 1835 ‘balbum’
448 1771 570 1856 [Laert.
596 1791 634 1836 ex
659 1772 872 1856 Timotheo]

275 1876 471 1944 ‘Nicomachi
495 1897 534 1944 ex
557 1880 745 1962 Herpyllide
769 1880 905 1962 patrem'
932 1879 984 1963 [cl.
1010 1880 1067 1964 ih]

270 1983 436 2050 lllermiae
472 1991 649 2051 amatorem
686 1992 719 2052 et
748 1989 900 2053 Hermiae
935 1986 1021 2052 filiae
1056 1989 1233 2070 maritum,
1268 1991 1409 2074 citatque

270 2093 435 2176 ‘hymnum
459 2095 492 2159 in
515 2092 766 2181 Hermiam’¹⁰³).

274 2205 301 2266 1.
326 2201 493 2285 Perpauca
517 2202 662 2267 resident
684 2203 717 2266 in
734 2203 910 2268 Aristotele
928 2203 1102 2269 Laertiano
1127 2205 1223 2270 dubia
1246 2205 1409 2290 hucusque

174 2316 279 2392 atque
303 2310 471 2392 adespota:
497 2310 586 2374 velut
609 2311 649 2375 de
665 2309 847 2376 Alexandro
872 2312 974 2392 deque
1003 2310 1188 2378 Callistrato
1210 2314 1407 2399 historiolae,

174 2419 325 2501 corporis
348 2417 478 2482 habitus
502 2418 683 2500 descriptus
708 2423 741 2484 ct
764 2419 955 2502 Ambryonis
980 2420 1207 2487 testimoninm.

270 2525 490 2590 11111111
535 2525 723 2590 Favorini
769 2534 1183 2608 apomncmoneumata
1228 2530 1407 2612 dignosci

179 2634 286 2700 solus
325 2637 458 2714 potest
492 2631 748 2715 biographus
775 2634 844 2700 ille
879 2653 990 2715 quern
1025 2633 1063 2698 in
1098 2635 1286 2702 Platonis
1320 2638 1408 2702 vita

179 2761 298 2823 supra
322 2738 657 2821 deprehendimus
681 2740 762 2824 [scil.
779 2741 956 2807 Favorinus
977 2742 1010 2806 in
1036 2742 1216 2824 ‘omnigena
1235 2743 1404 2829 historia'].

269 2849 297 2911 3.
324 2845 452 2910 Tertius
475 2845 559 2908 liber
582 2847 670 2914 velut
692 2848 813 2913 Dioclis
837 2867 877 2916 ue
899 2847 951 2916 hic
972 2849 1101 2935 quidem
1122 2851 1266 2935 quamvis
1287 2852 1406 2917 acriter

177 2954 318 3018 intuenti
340 2972 403 3017 non
428 2952 587 3034 adparuit.
1032 2961 1034 2968 ’

585 3227 615 3292 3.
643 3225 684 3290 lle
708 3224 895 3307 Pythagorae
918 3225 987 3289 1111.

555 3384 585 3424 a.
603 3369 647 3424 De
667 3366 820 3424 Clemente
839 3368 871 3422 11
889 3365 1026 3422 Laertio.

268 3496 359 3574 Quod
382 3496 421 3560 de
437 3496 581 3560 Platonis
605 3500 639 3559 et
654 3493 839 3559 Aristotelis
862 3493 937 3558 vitis
952 3495 1133 3559 Laertianis
1156 3495 1292 3575 institui,
1317 3498 1402 3561 idern

175 3606 217 3670 de
232 3603 417 3686 Pythagora
440 3607 598 3684 repetam:
624 3601 728 3666 tribus
749 3601 833 3665 enim
849 3602 1003 3682 exemplis
1020 3599 1138 3666 sufficit
1153 3602 1200 3665 rei
1217 3621 1312 3683 quarn
1328 3623 1401 3684 pro·

176 3712 270 3794 posui
285 3711 455 3776 veritatem
472 3711 717 3774 demonstrasse.
751 3708 906 3789 Incipiam
922 3727 942 3771 a
958 3707 1131 3772 Clementis
1148 3710 1399 3789 comparatione:
1442 3734 1446 3740 ·

249 3851 298 3922 ¹⁰³)
316 3851 466 3906 Dicendum
485 3850 602 3920 denique
621 3857 663 3905 est
681 3849 715 3904 de
734 3848 972 3920 apophthegmatis
983 3848 1175 3903 Aristotelicis.
1205 3849 1400 3905 Extenduntur

174 3942 239 3996 inde
257 3941 292 3996 ab
311 3941 337 3996 V
358 3943 388 3996 l'i
411 3940 586 4012 [ἀναφέρεται
604 3945 641 4002 εἰς
658 3939 741 3994 αὐτὸν
759 3942 805 3993 καὶ
828 3939 1030 4011 ἀποφθέγματα
1054 3938 1179 3992 κάλλιστα
1203 3938 1288 4007 caeti]
1312 3954 1398 4007 usquo

178 4031 213 4086 ad
233 4033 265 4086 21
289 4033 348 4100 [καὶ
366 4033 447 4085 ταῦτα
465 4031 517 4102 μὲν
535 4035 572 4092 εἰς
590 4030 671 4084 αὐτὸν
689 4028 869 4101 ineptorum}
905 4028 983 4084 Unus
1007 4029 1042 4082 ad
1064 4043 1145 4096 quem
1166 4033 1299 4096 provocet
1323 4034 1399 4082 extat

174 4120 327 4176 Favorinus
345 4120 374 4174 in
397 4119 704 4187 apomnemoneumatis:
730 4121 794 4190 φησὶ
818 4121 848 4172 δὲ
867 4126 902 4172 ψ.
921 4122 949 4172 ἐν
972 4120 1008 4190 τῷ
1027 4120 1139 4189 δευτέρῳ
1162 4119 1215 4172 τῶν
1238 4117 1397 4188 ἀπομνημο-

175 4210 315 4282 νευμάτων
333 4207 368 4272 uic
392 4209 515 4263 ἑκάστοτε
539 4213 612 4280 ls'yos
635 4202 665 4282 ‘pi
684 4211 766 4279 φίλοι,
791 4207 879 4270 οὐδεὶς
904 4207 997 4278 11111ςῖ
1035 4206 1100 4261 ἀλλὰ
1119 4210 1165 4260 καὶ
1183 4213 1211 4260 ἐν
1237 4207 1273 4277 τῷ
1291 4207 1397 4279 ἑβδόμῳ

174 4301 228 4353 τῶν
246 4299 348 4366 ἠθικῶν
366 4303 446 4354 ἐστιν.
484 4299 546 4352 Etsi
565 4297 653 4353 videri
676 4297 764 4368 possit
784 4303 869 4352 totam
888 4297 1025 4351 dictorum
1048 4297 1146 4350 seriem
1170 4311 1397 4364 apomnemoneu·

174 4388 255 4442 matis
274 4387 369 4442 deberi
388 4388 526 4456 Fauorini,
546 4393 636 4443 tamen
655 4403 699 4442 res
717 4386 837 4441 nondum
855 4386 996 4454 expedita,
1020 4384 1148 4453 quoniam
1169 4399 1318 4454 anonymae
1338 4385 1395 4440 dic-

174 4483 266 4533 torum
284 4476 404 4545 syllegae
423 4475 561 4544 frequenti
579 4493 631 4531 usu
651 4492 700 4544 per
719 4475 911 4545 antiquitatem
930 4474 1061 4529 seriorem
1079 4474 1241 4543 praesertim
1260 4474 1396 4542 vigebant.
