3420 5408
1321 476 1362 539 75

351 648 517 704 Laertius.
748 645 752 736 l
866 649 1057 718 Anonymus
1075 665 1102 717 p.
1122 651 1147 717 6,
1169 651 1201 704 19
1221 663 1280 716 sqq.

137 768 198 830 aori
236 767 361 851 πατρὸς
404 761 508 832 αὐτοῦ
549 763 630 849 μετὰ
668 767 725 829 καὶ
778 765 859 850 μετὰ
882 767 938 828 acl
963 766 1074 830 ἄλλων
1094 765 1270 852 κληρούχου
1285 785 1365 847 πομ-

136 870 250 937 attur
272 875 482 955 πεμφθέντος
505 869 689 957 κληρούχου.
779 875 925 956 φθάντος
953 870 989 936 ἐν
1016 873 1189 961 νῇΑῑγίνῃ
1214 869 1277 937 ὑπὸ
1300 872 1366 935 τῶν

773 974 974 1064 Ἀθηναίων.

140 1080 334 1146 Favorinum
357 1099 429 1146 esse
454 1080 677 1163 ‘biographum
701 1081 793 1147 illum
817 1082 1024 1148 commuuem’
1050 1087 1199 1163 apertum
1222 1087 1280 1146 est.

229 1187 343 1252 Altera
365 1193 475 1253 manet
498 1190 645 1270 quaestio
669 1189 747 1271 quid
771 1188 811 1253 de
834 1189 875 1253 iis
899 1206 982 1269 quae
1002 1207 1061 1253 uec
1076 1188 1239 1269 Diogenes
1262 1206 1365 1270 neque

139 1293 296 1375 Apuleius
323 1294 503 1376 praebeant
530 1331 575 1342 --
603 1300 679 1360 sunt
707 1296 791 1361 enim
820 1295 906 1360 haud
935 1295 1188 1376 spernenda-
1217 1296 1260 1360 sit
1283 1293 1366 1359 iudi-

141 1401 287 1466 candum.
335 1402 381 1466 Ac
404 1402 542 1482 primum
565 1403 695 1484 quidem
719 1403 877 1468 somnium
900 1403 1045 1468 Platonis
1074 1403 1169 1467 simul
1191 1422 1262 1467 cum
1287 1403 1368 1468 Sim·

139 1508 225 1574 miae
254 1508 410 1574 Socratici
448 1509 718 1591 interpretatione
746 1530 776 1591 p.
810 1512 839 1590 6,
870 1511 911 1575 37
947 1516 1118 1592 parentum
1153 1511 1186 1574 in
1214 1510 1367 1591 Hymetto

141 1614 335 1681 sacrificium
358 1635 389 1698 p.
417 1619 447 1696 6,
472 1619 514 1682 29
547 1614 599 1705 [cf.
629 1617 798 1682 Aelianum
823 1619 929 1684 1121.
965 1617 1036 1684 Val.
1068 1617 1151 1682 Max.
1182 1617 1231 1682 Ill
1255 1619 1274 1680 6
1298 1614 1367 1703 fin]

140 1723 205 1788 duo
222 1723 382 1805 Apollinis
405 1724 546 1805 oracula,
570 1743 633 1806 quo
658 1725 836 1790 sciscitanti
860 1725 1029 1806 respondit
1046 1725 1098 1790 dei
1121 1725 1225 1790 instar
1248 1725 1369 1790 animo-

141 1850 277 1912 rumque
306 1832 463 1898 medicum
491 1850 563 1897 esse
585 1832 764 1913 Platonem,
793 1831 873 1898 nihil
901 1832 1037 1914 impedit
1063 1831 1233 1914 quominus
1257 1831 1369 1897 codem

142 1936 336 2003 referantur.
393 1938 476 2005 Item
506 1959 589 2022 quae
618 1941 658 2006 de
686 1941 848 2006 Draconte
883 1940 1005 2006 musico
1033 1939 1179 2006 Platonis
1213 1940 1368 2021 magistro

140 2045 184 2110 de
208 2045 338 2126 Timaeo
373 2046 502 2130 dialogo
537 2067 577 2113 ex
605 2048 727 2114 Timaei
755 2049 838 2113 libro
873 2047 1087 2129 transscripto
1123 2044 1175 2133 [ci.
1206 2045 1369 2110 Timonem

143 2153 230 2234 apud
255 2153 394 2219 Gellium
417 2154 545 2243 [1117]
575 2157 615 2222 de
645 2157 698 2221 die
726 2156 827 2220 natali
856 2155 897 2220 ab
926 2154 1177 2220 Atheniensibus
1208 2153 1370 2218 celebrato

143 2261 184 2326 de
207 2261 304 2328 rebus
327 2262 369 2327 ab
392 2282 431 2328 eo
455 2265 595 2330 inventis
610 2265 762 2346 leguntur
777 2301 822 2312 -
837 2282 911 2328 nam
928 2263 963 2328 L.
980 2263 1099 2328 verba
1115 2260 1313 2326 solummodo
1338 2265 1371 2324 et

142 2387 242 2434 unum
269 2369 453 2436 litterarum
477 2389 577 2454 genus
600 2367 637 2436 cd
662 2368 851 2448 araturae
873 2370 1075 2436 enumeravit
1098 2405 1143 2416 -
1165 2367 1219 2432 vix
1242 2365 1370 2431 aliunde

143 2474 290 2540 subiecta
313 2482 397 2542 sunt.
446 2477 704 2560 Theophrastum
728 2497 799 2544 cnm
822 2483 919 2542 antea
943 2477 1113 2560 Tyrtamus
1136 2479 1307 2540 vocaretur
1331 2474 1371 2539 ab

143 2582 321 2648 Aristotele
350 2584 390 2649 oh
419 2589 519 2649 θείαν
542 2582 666 2670 φράσιν
693 2604 809 2650 nomen
838 2603 930 2650 suum
958 2585 1121 2665 accepisse
1149 2582 1281 2647 tametsi
1308 2600 1370 2646 non

143 2688 178 2751 in
194 2687 340 2754 Platonis
365 2691 433 2756 vita
456 2695 491 2756 at
513 2692 547 2756 in
564 2692 808 2774 Theophrastea
830 2711 893 2774 quo
910 2692 1003 2756 unice
1018 2691 1158 2772 quadrat
1173 2687 1371 2770 biographus

45 2795 48 2798 ’
144 2795 338 2862 Laertianus
363 2795 404 2884 [V
429 2799 485 2882 38]
515 2804 719 2878 narraveram
750 2800 835 2864 idem
864 2800 903 2864 de
926 2798 1062 2863 Platone
1092 2797 1235 2862 Socratis
1263 2794 1371 2859 deien-

144 2921 220 2968 sore
243 2903 271 2968 si
294 2921 358 2969 non
381 2905 415 2970 in
438 2905 505 2970 vita
521 2906 667 2972 Platonis
689 2943 734 2954 -
757 2911 867 2972 tacent
889 2906 973 2970 enim
990 2905 1145 2986 Apuleius
1168 2908 1201 2968 et
1222 2902 1372 2967 Laertius

144 3047 191 3056 -
207 3011 319 3076 certe'
310 3031 344 3075 m
360 3011 503 3077 Socratis
518 3013 586 3078 vita
602 3013 730 3078 dixerat
746 3013 920 3078 seeundum
935 3012 1086 3076 Iustum
1103 3010 1373 3075 Tiberieusem

143 3117 304 3183 Hadriani
339 3120 507 3202 aequalem
544 3117 596 3208 [ci.
627 3121 735 3186 Laert.
766 3120 879 3185 1120
923 3120 1059 3200 Epi,
1029 3119 1140 3182 723
1184 3116 1309 3197 Olymp.
1339 3115 1372 3178 in

146 3223 348 3306 Gorgiam
326 3245 357 3306 p.
383 3223 473 3313 392].
520 3227 593 3292 Duo
617 3232 712 3308 praet
713 3245 788 3291 erce
812 3226 954 3292 Timonis
977 3224 1190 3306 misanthropi
1214 3223 1373 3304 epigram-

145 3336 237 3396 mata
259 3332 458 3415 Porphyrius
486 3338 544 3398 aut
574 3351 613 3398 ex
640 3333 792 3398 Favorini
819 3333 888 3398 vita
916 3332 1058 3397 Timonis
1083 3329 1135 3418 [ei.
1160 3331 1298 3395 indicem
1322 3328 1373 3393 Ti-

145 3436 290 3526 monum]
315 3445 372 3506 aut
395 3459 435 3505 ex
459 3441 647 3522 anthologia
670 3437 745 3528 [VH
769 3437 913 3526 δον-62]
939 3439 1085 3520 sumpsit.

237 3547 401 3612 Hactenus
425 3548 465 3613 de
488 3547 677 3631 Porphyrio.

240 3656 270 3719 4.
295 3655 466 3738 Porphyrii
491 3674 552 3737 ope
576 3675 615 3720 ex
631 3655 896 3720 Laertiauaet
848 3655 896 3720 vit
897 3673 936 3718 ae
959 3653 1129 3737 particulis
1152 3657 1209 3718 ant
1210 3671 1250 3716 ea
1194 3652 1374 3718 t-incer

147 3757 269 3846 tis[ci.
292 3775 325 3844 p.
348 3761 408 3846 66]
432 3757 591 3828 Favorino
614 3761 708 3827 reddi
730 3765 867 3842 possunt

193 3889 225 3951 p
251 3871 303 3950 69,
329 3871 461 3936 att-24
484 3869 573 3934 Mors
597 3867 818 3952 [Hermippus
842 3867 950 3933 Neau
935 3867 1022 3951 hes]
1046 3867 1120 3948 Bp.
1147 3870 1178 3945 9,
1203 3868 1255 3929 22.

328 3977 462 4041 42-44
485 3975 609 4040 Nomen
633 3975 836 4059 [Neanthes].

195 4105 227 4167 p.
252 4088 305 4165 70,
329 4087 459 4156 32-41
485 4083 659 4150 Academia
682 4083 840 4166 [Eupolis
866 4081 970 4166 Timo]
1043 4081 1117 4163 Bp.
1144 4082 1173 4159 8,
1200 4080 1252 4145 11.

194 4213 227 4275 p.
252 4194 305 4273 73,
353 4193 460 4258 8-11
487 4191 663 4273 Sophronis
686 4190 828 4256 studium
1143 4187 1251 4266 7,10.

195 4321 227 4383 p.
254 4304 306 4382 77,
334 4302 373 4366 15
393 4319 461 4383 sqq.
487 4296 566 4365 Ou'm
590 4298 723 4365 Socrate
745 4297 915 4362 inimicitia
1143 4295 1174 4372 7,
1199 4292 1251 4356 31.

196 4429 227 4492 p.
254 4412 306 4494 79,
331 4410 374 4474 38
392 4426 462 4489 sqq.
486 4406 617 4489 Dialogi
639 4404 794 4471 inventio.
1145 4402 1175 4479 9,
1202 4400 1253 4463 17.
