3420 5408
1331 493 1375 560 33

145 671 229 736 κατά
265 671 340 745 τούς
373 663 565 748 Αὖμοάστοο
598 665 657 733 rori
690 671 850 754 Καίσαρος
883 665 1033 754 χρόνους,
1072 667 1107 744 ὃς
1142 668 1307 758 διέτριψεν
1341 671 1378 737 ἐν

145 775 316 864 Περγάμῳ.
368 775 500 842 Diserto
535 773 596 840 hoo
630 773 815 841 testimonio
844 811 887 822 --
915 775 1010 857 plura
1036 793 1100 844 non
1129 782 1306 860 suppetunt
1332 813 1377 832 ψ-

144 884 284 967 Augusti
306 882 446 964 tempori
470 881 664 971 adsignatur
681 881 866 947 Demetrius
876 878 925 968 31).

237 1011 265 1073 g.
290 990 339 1056 III
365 992 442 1070 109,
474 992 588 1068 γέγονε
614 989 650 1053 dd
681 988 735 1051 καὶ
758 986 861 1063 ἄλλος
884 986 1023 1054 Πλάτων
1054 983 1237 1075 φιλόσοφος
1253 986 1379 1066 Ῥόδιος

145 1095 294 1184 μαθητὴς
319 1099 509 1177 Παναιτίου,
532 1092 647 1159 καθά
669 1113 763 1181 φησι
786 1095 975 1170 Σέλευκος
999 1092 1016 1160 ὁ
1040 1098 1315 1181 γραμματικὸς
1337 1096 1385 1164 ἐν·

146 1203 283 1291 πρώτῳ
306 1209 399 1289 περὶ
422 1201 681 1288 φιλοσοφίας,
704 1202 895 1269 Homericus
919 1203 986 1270 scil.
1006 1203 1158 1270 Seleucus
1173 1204 1228 1286 qui
1251 1209 1286 1270 et
1301 1205 1378 1270 alibi

145 1305 306 1379 uocitatur
322 1329 381 1393 per
397 1310 603 1375 eminentiam
628 1308 646 1374 ὁ
669 1309 888 1396 γραμματικός
913 1347 951 1358 -
978 1310 1075 1376 aliter
1098 1312 1226 1379 omnino
1248 1307 1379 1394 ignotus

147 1419 290 1484 eiusdem
313 1417 451 1482 nominis
475 1417 717 1498 grammaticus,
742 1455 787 1466 --
809 1437 913 1502 neque
935 1418 996 1484 hac
1020 1419 1060 1484 de
1090 1438 1127 1484 re
1149 1420 1216 1485 ulla
1239 1439 1379 1502 unquam

147 1530 219 1592 erat
248 1526 415 1592 dissensio.
463 1526 512 1589 De
536 1525 626 1590 cuius
655 1529 802 1607 tempore
830 1545 940 1593 eorum
968 1525 1064 1592 hodie
1094 1526 1277 1592 dominatur
1308 1546 1379 1592 sen·

147 1635 263 1715 tentia,
289 1634 344 1716 qni
368 1633 411 1697 M.
430 1631 641 1699 Schmidtium
665 1631 789 1716 [philol.
806 1633 855 1698 ΙΠ
877 1633 943 1698 436
966 1633 1051 1718 sqq]
1076 1635 1178 1700 secuti
1202 1635 1243 1699 ad
1259 1635 1380 1701 saeculi

149 1759 179 1806 a.
205 1739 278 1808 (ihr.
303 1759 333 1805 n.
359 1739 494 1805 alterius
518 1739 638 1804 exitum
660 1738 814 1805 referunt.

237 1845 457 1913 Proficiscitur
474 1846 668 1912 Schmidtius
685 1865 704 1910 a
720 1846 844 1912 duobus
866 1845 997 1922 scholiis
1019 1847 1053 1912 in
1068 1846 1233 1929 Aristoph.
1246 1847 1378 1916 -Thesm

149 1953 414 2022 adnotationibus
444 1973 473 2019 v.
492 1954 557 2018 840
592 1957 625 2017 et
656 1954 757 2018 1175:
793 1951 952 2029 πολλάκις
984 1957 1091 2030 είπον,
1127 1953 1177 2019 ὅτι
1204 1952 1381 2041 προβάλλει

147 2059 167 2126 u‘
191 2060 368 2147 Ὁμηρικὸς
396 2061 501 2145 [codd.
533 2056 703 2146 ὁμηρικῶς]
734 2097 775 2108 -
805 2060 872 2126 scil.
897 2060 1050 2137 Σέλευκος
1071 2061 1115 2110 -’-
1144 2060 1184 2127 ἒν
1211 2063 1259 2150 τῷ
1286 2059 1381 2149 πρὸς

148 2167 347 2250 Πολύβιον
369 2166 607 2254 προτατικρῖ·
624 2171 671 2242 τίς
686 2163 920 2250 ἧὝπτρβόλοο
935 2167 1051 2256 μήτηρ;
1078 2170 1162 2252 117ῤ
1179 2167 1381 2256 βαρβαρικὸν

148 2278 205 2339 καὶ
234 2275 394 2361 Περσικὸν
421 2263 544 2360 ὄρχημα
576 2273 722 2359 ὄκλασμα
752 2273 911 2345 καλεῖται,
944 2275 1016 2361 περὶ
1040 2271 1077 2341 οὗ
1102 2273 1229 2358 Ἰόβας
1255 2275 1382 2362 μακράν

150 2387 323 2468 πεποίηται
345 2378 444 2461 λόγον
467 2381 503 2446 ἐν
519 2387 674 2468 τοῖςπερὶ
689 2385 745 2468 τῆς
760 2382 933 2467 θεατρικῆς
949 2381 1098 2469 ἱστορίας,
1123 2379 1203 2447 ὥστε
1218 2381 1381 2448 λελύσθαι

149 2489 206 2575 τὴν
221 2484 379 2554 Σελεύκου
401 2485 574 2574 πρότασιν·
598 2494 760 2575 προτείνει
781 2488 844 2577 γάρ
858 2489 898 2556 ἒν
914 2491 965 2577 τῷ
986 2489 1081 2574 πρὸς
1098 2490 1261 2576 Ζήνωνα
1284 2511 1380 2575 προ-

149 2601 308 2683 τατικρῑ·
326 2595 369 2679 [τί
387 2596 502 2662 inserit
513 2595 789 2681 Wilamowituius]
806 2595 841 2661 τὸ
859 2596 1018 2683 Περσικὸν
1032 2596 1191 2680 ὄκλασμιι.
1229 2598 1380 2663 Seleucus

149 2703 250 2784 igitur
273 2707 307 2768 et
329 2700 509 2778 λνστατιιιός
531 2708 564 2768 et
584 2705 722 2769 Zenonis
746 2705 911 2770 cuiusdam
926 2704 1115 2787 Polybiique
1138 2708 1211 2770 erat
1233 2721 1379 2771 coaevus

152 2808 243 2887 Quod
252 2809 447 2876 Schmidtius
459 2816 631 2893 praeterea
643 2811 777 2893 conligit
786 2811 963 2892 Seleucum,
977 2812 1129 2893 quoniam
1141 2811 1240 2877 lubae
1250 2812 1379 2892 librum,

151 2917 271 2998 inquo
295 2918 335 2982 de
360 2919 535 2984 oclasmate
559 2919 739 3000 expositum
763 2924 848 3000 erat,
873 2920 1071 3001 ignorasset,
1096 2919 1279 2984 necessario
1304 2922 1379 2983 ante

151 3024 263 3089 Iubam
284 3025 413 3106 vixisse,
437 3044 554 3106 posse
578 3025 707 3107 quidem
731 3027 849 3107 conligi
871 3045 935 3090 uon
951 3043 1044 3107 nego,
1068 3043 1184 3107 posse
1203 3029 1311 3090 autem
1334 3025 1381 3088 ita

153 3149 279 3212 quoque
292 3151 361 3197 rem
373 3130 461 3213 fingi,
477 3132 620 3212 Seleuco,
637 3131 714 3196 licet
727 3138 801 3214 post
813 3132 925 3198 Iubam
937 3130 1046 3211 fuerit,
1063 3131 1164 3196 nihilo
1177 3132 1281 3196 secius
1293 3130 1380 3195 illius

152 3236 192 3300 de
201 3237 375 3302 oclasmate
384 3238 689 3318 disputatiunculam
701 3258 766 3304 non
779 3240 968 3320 innotuisse,
980 3237 1061 3303 mihi
1073 3239 1309 3304 concedendum
1320 3243 1378 3303 est.

232 3344 391 3411 Perverse
402 3363 499 3426 porro
513 3344 820 3412 deZenoueSeleuci
832 3346 1017 3412 adversario
1030 3346 1166 3412 coniecit
1175 3345 1379 3412 Schmidtiua

151 3449 280 3516 Etenim
315 3471 410 3535 quem
437 3453 546 3518 Laert.
571 3453 609 3516 D.
635 3439 711 3532 Vll,
740 3453 783 3518 30
817 3453 851 3517 in
885 3453 1048 3519 Zenonum
1084 3453 1230 3534 catalogo
1263 3453 1382 3518 excitat

153 3560 396 3640 grammaticum
426 3554 464 3624 οὗ
493 3556 667 3644 πρόςτοΐς
694 3557 809 3638 ἄλλοις
838 3565 893 3623 καὶ
915 3557 1141 3646 ἐπιγράμματα
1164 3563 1296 3646 φερέται
1317 3578 1381 3624 non

153 3666 248 3732 modo
271 3685 336 3733 non
358 3665 489 3732 fortiter
512 3665 695 3733 adfirmavit
718 3685 789 3732 esse
812 3665 912 3749 illum,
937 3668 995 3735 sed
1018 3669 1117 3734 etiam
1140 3669 1267 3751 quando
1283 3665 1383 3732 fuerit

229 3892 266 3965 ³1)
285 3893 347 3949 Etsi
360 3910 432 3949 anno
451 3897 494 3964 27,
514 3911 569 3964 quo
588 3895 747 3964 ‘Augustus'
761 3895 817 3950 dici
830 3895 930 3965 coepit,
949 3896 1106 3950 Demetrius
1120 3900 1271 3966 supererat,
1290 3895 1382 3964 potuit

154 3989 246 4037 minen
264 3981 334 4052 fieri,
352 3990 384 4037 ut
402 3984 560 4040 Aristarchi
583 3984 718 4040 editiones
736 3984 920 4040 Alexandriae
942 3986 1001 4055 ipae
1020 3986 1137 4053 videret,
1156 3986 1229 4054 quod
1248 3984 1382 4053 Didymus

154 4086 205 4126 nec
222 4070 290 4126 fecit
302 4087 352 4126 nec
365 4072 455 4128 facere
468 4073 562 4144 potuit
579 4078 643 4143 post
656 4072 840 4130 bibliothecae
858 4074 1026 4131 incendium:
1045 4090 1079 4128 ea
1093 4075 1165 4128 enim
1178 4072 1382 4128 Wilamouitaii

155 4165 197 4214 est
216 4161 353 4215 sententia
370 4161 438 4215 mihi
456 4178 511 4216 non
530 4162 676 4216 contraria.
712 4161 753 4216 De
773 4162 908 4218 Zenodoti
932 4169 961 4216 et
979 4161 1193 4230 Ariathophanis
1216 4160 1382 4215 editionibus

56 4315 63 4322 ἱ
155 4249 227 4304 idem
245 4250 375 4318 probavit
392 4250 550 4306 Beccardus
568 4268 595 4321 p.
614 4253 694 4307 5411.
714 4253 757 4306 30.
776 4283 809 4292 —
830 4251 1042 4307 Scheuerlecrus
1066 4250 1154 4306 solitis
1172 4251 1252 4319 nugis
1276 4265 1382 4304 errasse

157 4337 269 4393 Suidam
291 4337 404 4394 fortiter
426 4337 561 4396 adfirmm.
605 4339 690 4394 (iuius
713 4340 823 4395 tandem
845 4341 991 4410 aliquando
1017 4340 1157 4394 mittamus
1179 4339 1382 4409 loquacitatem,

157 4442 227 4496 quae
246 4429 378 4498 perplexa
394 4428 508 4484 levitate
527 4445 572 4484 res
591 4427 722 4499 confingit
741 4445 811 4498 quaa
829 4430 890 4499 quis
907 4434 1000 4499 potest
1017 4428 1093 4485 facili
1111 4427 1211 4498 spiritu
1230 4425 1345 4483 difflare.

210 4533 320 4588 Philolog.
334 4533 532 4589 Untersuchungan
541 4535 583 4577 Ill.
1187 4519 1204 4573 3
