3432 5400
1324 447 1386 512 157

256 621 304 686 Tu
330 625 500 704 praeterea
528 621 684 706 Leucippi
714 627 748 689 et
769 621 927 688 Heracliti
954 622 1074 706 placita
1104 623 1256 706 specialia
1284 625 1389 692 Diocli

165 729 350 810 vindicasti3
385 729 472 796 haud
501 729 619 812 inepte,
650 748 842 813 quamquam
871 749 975 813 neque
1009 736 1045 797 tu
1073 713 1293 798 demonstrare
1328 732 1388 798 hoc

165 841 259 918 potes
288 855 392 920 neque
423 855 484 921 ego
512 837 663 903 refutare.
712 857 809 904 causa
840 838 909 904 sola
937 838 1022 922 quod
1045 838 1245 906 Antisthenis
1269 838 1389 922 placita

170 943 275 1009 altera
298 949 332 1010 et
354 945 460 1026 logica
481 944 660 1011 Stoicorum
675 945 797 1012 Dioclis
821 951 904 1011 sunt.
952 946 1015 1012 iam
1038 965 1114 1012 vero
1138 947 1167 1012 si
1187 948 1389 1012 concedimus

166 1051 338 1117 discrimen
362 1051 549 1134 specialium
572 1054 832 1137 generaliumque
855 1053 1047 1136 placitorum
1071 1073 1090 1119 1
1113 1054 1257 1137 Diogene
1280 1057 1388 1121 inven-

165 1164 234 1224 tum
259 1178 330 1225 esse
358 1164 395 1224 ut
423 1158 500 1225 bina
529 1167 680 1244 excerpta
709 1167 881 1244 utcumque
905 1162 1158 1244 conglutinaret,
1193 1163 1269 1228 inde
1303 1164 1389 1246 quod

165 1265 216 1331 bis
232 1267 345 1334 Diocle
360 1267 394 1332 in
411 1267 470 1332 tali
488 1287 584 1334 causa
601 1287 678 1334 usus
695 1270 747 1351 sit,
766 1269 845 1335 nihil
863 1271 1023 1353 sequitur:
1049 1289 1123 1335 nam
1135 1271 1168 1335 11
1182 1270 1297 1336 Stoicis
1309 1269 1390 1335 nibil

166 1374 230 1440 nisi
252 1375 358 1456 logica
381 1379 456 1440 sunt
478 1375 624 1458 Dioclea,
654 1377 686 1442 in
709 1376 894 1460 Pythagora
916 1396 992 1443 1111
1016 1378 1035 1461 §
1058 1378 1189 1443 25-35
1218 1379 1390 1460 diligenter

169 1487 202 1548 et
224 1483 383 1566 principio
413 1488 446 1549 et
473 1481 536 1549 fine
566 1487 678 1550 notato
706 1502 747 1549 111
769 1483 950 1549 Alexandro
974 1485 1176 1568 Polyhistore
1208 1484 1387 1567 descripsit.

167 1609 245 1672 ergo
267 1609 332 1656 non
354 1595 422 1655 tam
445 1609 562 1673 parcae
586 1592 616 1657 ei
640 1590 855 1673 suppetebant
871 1609 948 1674 opes
964 1591 1231 1675 doxographieae.
1267 1593 1323 1658 sed
1348 1595 1391 1658 sit

166 1696 227 1763 hoc
250 1697 447 1781 ambiguum:
473 1717 544 1764 eam
568 1698 781 1781 suspicionem
805 1717 901 1781 quarn
925 1699 964 1765 de
980 1699 1156 1766 Potamone
1173 1699 1388 1765 Alexandrino

167 1805 305 1888 Augusti
340 1805 513 1888 aequalis
543 1807 655 1873 Diocle
682 1805 857 1888 repetendo
888 1805 1052 1888 protulisti
1080 1826 1111 1889 p.
1138 1808 1180 1871 20
1211 1813 1298 1872 stare
1325 1826 1390 1872 non

167 1930 265 1995 posse
288 1914 568 1996 persuasissimum
591 1914 704 1979 habeo.
753 1917 828 1978 sunt
851 1931 928 1978 sane
952 1914 1072 1995 scripta
1094 1913 1175 1980 haec
1198 1913 1239 1980 ab
1262 1913 1390 1979 homine

167 2021 307 2103 Augusti
330 2020 467 2104 aequali,
491 2027 644 2103 poterant
667 2020 764 2087 scribi
788 2040 807 2085 1
829 2019 950 2088 Diocle.
999 2021 1056 2086 sed
1083 2021 1140 2086 ubi
1166 2022 1218 2087 vel
1240 2021 1390 2088 tenuissi-

167 2146 253 2193 mum
277 2129 448 2210 uestigium
464 2127 586 2195 Dioclis
601 2148 660 2212 per
676 2133 780 2194 totum
796 2130 995 2211 prooemium
1018 2129 1163 2195 Laertii?
1198 2130 1294 2194 immo
1317 2147 1390 2211 pre-

167 2237 286 2303 tiosum
314 2236 375 2304 hoc
398 2242 543 2303 tenemus
572 2237 727 2319 temporis
753 2236 906 2302 indicium
929 2257 991 2320 quo
1021 2238 1192 2321 aliquando
1221 2238 1250 2302 is
1278 2240 1390 2301 auctor

168 2349 301 2410 eruetur
332 2363 426 2427 quem
459 2345 493 2410 in
525 2345 692 2427 principiis
726 2343 949 2427 philosophiae
984 2349 1019 2410 et
1045 2345 1078 2409 in
1101 2344 1163 2413 Vll
1190 2343 1389 2426 sapientibus

167 2450 262 2540 (haec
285 2452 370 2517 enim
394 2452 579 2539 cohaerent)
604 2472 674 2518 cum
689 2451 850 2536 Diogenes
873 2459 942 2518 turn
958 2452 1104 2520 Clemens
1128 2453 1388 2536 compilaverunt.

166 2561 245 2625 mihi
274 2579 356 2643 quae
380 2561 420 2626 de
442 2561 554 2627 Diocle
577 2562 694 2626 scimus
718 2559 863 2627 sufficere
887 2561 1036 2627 videntur
1058 2565 1095 2626 ut
1109 2560 1203 2627 huius
1226 2561 1287 2627 viri
1311 2561 1389 2625 ima·

167 2669 274 2751 ginem
303 2669 400 2734 certis
424 2669 538 2735 saltem
566 2669 769 2734 lineamentis
798 2668 1020 2737 deformemus.
1069 2688 1108 2735 cx
1130 2669 1286 2752 Meleagri
1316 2687 1389 2735 oon-

167 2775 337 2842 suetudine
361 2777 561 2860 Asianaeque
584 2777 671 2843 vitae
695 2796 765 2843 cum
787 2777 927 2843 miseriis
950 2783 1018 2843 turn
1042 2777 1255 2860 corruptione,
1284 2775 1388 2859 qualis

166 2881 229 2948 fuit
250 2882 326 2948 inde
349 2902 368 2948 a
392 2884 485 2951 bellis
508 2883 736 2951 Mithridaticis
752 2904 853 2968 usque
870 2886 911 2950 ad
927 2886 1064 2967 Augusti
1081 2883 1262 2966 Tiberiique
1282 2882 1389 2949 fausta

166 2990 313 3073 imperia,
344 2991 485 3058 studium
514 2993 643 3076 quidem
670 2992 829 3059 contraxit
857 2993 1038 3075 cynicorum
1069 2996 1102 3057 et
1130 2990 1271 3074 Epicuri,
1306 3009 1388 3073 quae

167 3098 313 3181 quamvis
341 3098 497 3166 distantia
525 3100 646 3182 placita
674 3102 836 3166 sacculum
863 3100 944 3167 illud
967 3099 1143 3166 confusioni
1171 3098 1388 3166 doctrinarum

167 3207 312 3273 deditum
328 3205 414 3272 haud
430 3207 551 3273 insulse
562 3208 644 3275 vidit
660 3208 700 3274 11
714 3227 751 3274 11
764 3207 962 3274 1111111111.
998 3226 1072 3273 nam
1083 3206 1250 3272 mollitiem
1263 3225 1388 3272 amores

168 3315 291 3397 gratias
320 3314 475 3399 Meleagri
502 3316 631 3382 Diocles
660 3316 806 3399 proiecit.
859 3316 969 3398 itaque
996 3316 1030 3380 in
1060 3315 1127 3381 uita
1162 3316 1204 3381 ad
1236 3316 1388 3380 amussim

169 3422 356 3488 sobrietatis
380 3428 413 3489 et
437 3423 644 3490 castimoniae
668 3425 773 3505 ducta,
798 3423 855 3494 sed
879 3443 898 3488 a
921 3423 1035 3489 tetrico
1053 3423 1246 3509 minimeque
1264 3423 1387 3490 Graeco

168 3529 276 3612 rigore
300 3530 405 3596 aliena
429 3550 584 3598 summurn
611 3533 730 3599 bonum
755 3532 873 3614 posuit.
920 3531 1042 3597 invenit
1071 3531 1205 3597 eandem
1228 3531 1314 3598 vitae
1336 3548 1388 3595 ra·

168 3639 290 3705 tionem
312 3638 346 3703 iu
368 3639 507 3722 Epicuro
532 3639 620 3705 etin
645 3639 822 3706 Stoicorum
848 3639 894 3704 eis
922 3640 987 3722 qui,
1011 3638 1100 3706 uelut
1122 3640 1230 3706 Aristo
1255 3636 1387 3704 111111-

167 3747 288 3829 nysius,
318 3751 431 3829 utpote
455 3747 571 3814 Graeci
596 3767 661 3814 nou
684 3746 860 3813 Phoenices
889 3765 909 3813 a
931 3747 1019 3813 tristi
1041 3749 1204 3814 Zenonum
1231 3751 1266 3812 et
1290 3744 1387 3830 Chry·

169 3961 223 4016 dia.
264 3960 337 4016 haud
361 3959 462 4015 insulse
485 3975 535 4016 nos
559 3975 621 4015 eum
641 3959 794 4016 diceremus
819 3976 912 4016 canem
937 3960 1047 4030 quidem
1070 3959 1124 4016 iam
1142 3974 1292 4028 superasse,
1311 3958 1387 4014 cenis
1434 4012 1436 4016 .

170 4051 283 4106 caudam
301 4050 429 4105 nondum.
460 4049 595 4105 Graecum
612 4049 704 4119 paullo
723 4050 808 4106 distat
825 4050 1015 4121 prouerbium3
1039 4051 1086 4118 qui
1105 4051 1138 4106 de
1157 4047 1266 4105 homine
1285 4061 1321 4102 111
1337 4063 1386 4117 pe-

170 4139 264 4194 riculis
291 4138 408 4195 liberato
436 4139 532 4194 dicunt
559 4143 587 4194 lx
613 4140 692 4201 κυνὸς
718 4137 843 4212 πρωκτοῦ
870 4141 990 4206 σωθῆναι
1013 4139 1118 4210 (Haupt
1136 4155 1179 4208 op.
1198 4138 1240 4191 III
1259 4139 1332 4208 alul:
1357 4138 1387 4192 in

169 4229 229 4299 ipso
248 4229 403 4284 discrimine
422 4229 627 4298 Rempublicam
650 4230 760 4299 scripsit
778 4231 862 4286 Zeno.
899 4229 1013 4298 videbis,
1037 4229 1075 4283 mi
1093 4227 1203 4296 Maeui,
1225 4243 1287 4282 11111
1305 4228 1385 4281 Pom·

170 4318 229 4388 peis
247 4318 276 4372 in
294 4317 394 4373 larario
412 4319 542 4374 tabernae
560 4318 700 4376 cniusdam
712 4319 849 4376 hominem
867 4319 896 4374 in
914 4319 974 4388 ipso
985 4318 1039 4373 hoc
1056 4316 1213 4373 discrimine
1232 4322 1386 4372 uersantem

169 4406 321 4463 luculenter
338 4406 486 4477 depictum.
