3420 5408
347 799 446 882 patre
466 791 666 857 Mnesarcho
688 796 798 876 nuper
820 787 953 862 amisso,
978 811 1073 875 quem
1095 813 1179 854 eom·

346 899 443 988 perio
489 899 578 964 inter
622 894 814 962 sellularios
858 896 1002 983 artfices
1033 897 1180 983 gemmis

344 1006 532 1093 faberrime
559 1002 748 1091 sculpendis
774 1004 908 1068 laudem
935 1003 1046 1091 magis
1078 1027 1179 1092 quam

351 1123 440 1203 opem
463 1111 653 1200 quaesiisse.

352 1222 445 1290 Sunt
465 1219 529 1307 qui
541 1222 582 1285 P.
599 1217 699 1283 aiant
710 1240 746 1283 eo
761 1217 918 1305 temporis
933 1219 1023 1284 inter
1036 1219 1181 1308 captiuos

353 1329 527 1414 Cambysae
547 1323 640 1411 regis
654 1325 844 1411 Aegyptum
858 1347 934 1390 cum
949 1327 1176 1401 adveheretur,

351 1437 494 1500 doctores
516 1431 669 1498 habuisse
684 1434 871 1497 Persarum
887 1455 1002 1518 magos
1024 1457 1062 1498 ac
1078 1441 1178 1520 prae-

350 1541 448 1628 cipue
482 1541 690 1605 Zoroastrem
724 1537 835 1602 omnis
868 1536 985 1603 dioi'ni
1013 1561 1177 1605 arcanum

255 1679 265 1692 ·
350 1647 548 1721 antistitem,
573 1653 749 1733 posteaque
775 1667 851 1710 eum
874 1647 1060 1731 aquodam
1086 1647 1178 1714 Gillo

353 1754 621 1823 Crotoniensium
639 1753 796 1840 pri'ucipe
818 1752 1049 1838 reciperatum.

361 1865 484 1929 Verum
511 1861 601 1926 enim
630 1883 707 1926 vero
734 1859 889 1926 celebrior
910 1861 1016 1943 foma
1047 1861 1174 1936 obtinet,

350 1976 463 2058 sponte
499 1987 575 2033 enm
607 1968 728 2056 petisse
760 1966 944 2054 Aegyptias
980 1967 1178 2054 disciplinas

349 2084 447 2163 atque
474 2075 524 2141 ihi
549 2099 570 2140 a
592 2073 811 2142 sacerdotibus
838 2073 1100 2141 cerimoniarum
1124 2077 1178 2143 iri·

350 2183 536 2249 credundas
544 2181 711 2269 potentias
722 2203 943 2246 numerorum
955 2181 1177 2250 admirandas

349 2290 435 2355 m'ees
467 2288 670 2375 gemnetriae
702 2287 950 2355 sollertissimas
975 2291 1176 2373 formulas:

350 2419 408 2461 nec
443 2395 499 2461 his
535 2394 665 2460 artibus
701 2394 857 2461 am'mum
895 2397 1062 2482 expletum
1097 2421 1176 2465 mox

352 2505 531 2570 Chaldaeos
552 2509 650 2589 atque
672 2501 750 2568 inde
765 2505 997 2569 Brachmanos
1013 2554 1021 2570 .
1036 2555 1043 2570 .
1059 2527 1175 2572 eorum

347 2634 427 2698 ergo
436 2613 693 2676 Brachmanum
705 2611 995 2698 gymnosophistas
1006 2613 1174 2680 adiisse...

350 2717 445 2805 Quin
482 2717 583 2783 etiam
617 2718 819 2804 Pherecydes
856 2718 941 2805 Syro
978 2742 1023 2786 ex
1059 2719 1175 2786 insula

347 2824 517 2891 oriundus

347 2955 423 2998 eum
450 2953 578 3019 quoque
600 2933 813 3017 Pythagoras
840 2932 1044 3019 magistrum
1072 2935 1178 3001 coluit
1512 2943 1571 3025 §2
1694 2955 1695 2992 s

346 3046 379 3104 el
399 3038 543 3126 infandi
560 3037 668 3104 morbi
681 3039 902 3125 putretudine
917 3039 955 3104 in
970 3043 1174 3129 serpentium
1202 3051 1417 3135 [Neanthes
1442 3051 1480 3117 cf,
1498 3052 1572 3116 Por-

347 3146 483 3212 scabiem
506 3147 653 3213 solutum
676 3144 832 3231 religiose
854 3148 1017 3214 humavit.
1245 3159 1337 3241 phyr,
1362 3158 1397 3242 3]

348 3256 473 3320 Fertur
494 3259 527 3318 et
541 3262 643 3340 penes
664 3253 972 3321 Anaximandrum
995 3256 1173 3323 Milesium
1202 3266 1405 3350 [Apollonius
1460 3265 1572 3349 Tyrius

347 3359 555 3426 naturabilia
577 3367 813 3426 commentatus
1246 3373 1283 3440 cf,
1310 3373 1466 3456 P0rphyr,
1497 3370 1572 3455 ςῖ]

346 3491 404 3534 nee
425 3491 493 3533 riou
515 3473 548 3533 et
561 3470 743 3534 Cretensem
758 3467 990 3556 Epimenidem
1016 3468 1173 3535 i'riolitum

334 3575 550 3662 fatiloquum
583 3582 616 3640 et
641 3576 806 3663 piatorem
833 3575 1032 3663 disciplinae
1053 3577 1172 3664 gratia
1513 3585 1571 3668 §3

346 3690 485 3751 sectatus

346 3792 487 3878 itemque
521 3791 779 3857 Leodamantem
816 3791 993 3879 Creophyli
1026 3791 1172 3879 discipu·
1198 3785 1216 3990 ἔ
1513 3853 1572 3934 §2

345 3900 495 3964 lum

339 4005 479 4094 primus
495 4004 725 4092 philosophiae
740 4011 953 4092 nuncupator
971 4011 1005 4070 et
1023 4005 1172 4072 conditor
1222 4006 1454 4076 Sosicrates
1512 4003 1530 4087 §
1554 4005 1572 4072 6,

345 4113 439 4179 nihil
464 4111 570 4199 prins
602 4111 782 4198 discipulos
814 4136 893 4178 suos
924 4112 1040 4178 docuit
1069 4135 1170 4199 quam

345 4228 464 4294 tacere,
490 4219 671 4307 pri'maque
696 4221 791 4306 apud
814 4242 891 4285 eum
924 4219 1091 4286 meditatio
1118 4243 1170 4285 sa-

340 4325 454 4415 pienti
475 4327 608 4412 futuro
649 4325 808 4412 linguam
845 4349 973 4393 omnem
1010 4349 1171 4392 coercere:

347 4436 505 4520 uerbaque
541 4455 626 4520 quae
662 4433 810 4500 volantia
841 4437 955 4522 pollac
990 4435 1167 4521 appellant,
