3432 5400
324 528 387 590 114

320 703 372 788 [cf.
388 704 479 768 Diels
494 723 526 786 p.
546 703 631 787 153).
667 703 788 782 Quibus
804 701 1061 767 adnumerandus
1080 705 1130 766 est
1145 699 1330 766 Demetrius
1348 697 1485 782 Magnes
1495 697 1553 786 ¹¹⁶)

322 811 403 894 [sive
438 811 663 894 Antisthenes]
699 818 732 874 et
767 806 1019 893 Sosicrates¹¹⁷).
1078 809 1214 874 Omnino
1254 808 1431 874 similitudo
1466 809 1553 882 inter

320 919 485 984 Laertium
510 923 543 984 et
566 918 775 1002 Hippolytum
799 923 893 982 tanta
914 917 1103 997 intercedit,
1138 921 1175 982 ut
1203 917 1287 981 alter
1311 915 1407 980 alteri
1431 917 1554 980 serviat

318 1025 544 1107 intellegendo.
600 1026 697 1090 Velut
732 1025 851 1090 dictum
881 1025 1025 1090 Thaletis
1053 1025 1261 1090 Laertianum
1296 1029 1326 1086 τί
1362 1020 1399 1087 τὸ
1438 1028 1554 1098 datam·

318 1130 354 1197 τὸ
381 1130 460 1218 μήτε
488 1129 593 1217 ἀρχὴν
621 1131 697 1214 ἔχον
728 1129 808 1217 μήτε
838 1128 985 1216 τελευτήν
1010 1131 1061 1215 [cf.
1089 1131 1246 1196 Clemens
1270 1131 1360 1196 Alex.
1386 1135 1497 1194 strom.
1523 1129 1552 1194 V

317 1261 349 1322 p.
367 1242 430 1305 257
456 1241 619 1324 Sylburg.]
643 1239 684 1304 ab
707 1239 883 1322 Hippolyto
907 1240 948 1304 ad
977 1239 1098 1321 placita
1125 1239 1174 1304 ita
1203 1239 1387 1302 traductum
1418 1241 1483 1318 est,
1514 1241 1552 1300 ut

317 1354 425 1414 tamen
454 1349 616 1430 pelluceat
646 1347 929 1429 apophthegmatis
957 1347 1060 1412 forma
1088 1345 1172 1410 θεὸν
1199 1342 1258 1410 οὖν
1285 1347 1370 1409 εἶναι
1400 1344 1490 1428 [ἔφη]
1514 1342 1553 1408 τὸ

316 1454 394 1540 μήτε
416 1450 516 1540 ἀρχὴν
538 1453 618 1540 μήτε
641 1454 791 1540 τελευτὴν
814 1454 898 1535 ἔχον.
938 1455 1143 1536 Biographus
1168 1454 1289 1517 Laertii
1313 1453 1398 1517 idem
1422 1452 1551 1517 videtur

317 1582 355 1628 ac
369 1562 554 1644 Hippolyti3
581 1567 668 1626 certe
687 1561 739 1644 qni
758 1580 796 1625 ex
813 1562 999 1627 auctoribus
1016 1562 1081 1626 illis
1098 1561 1276 1626 omnibus
1291 1561 1386 1625 simul
1402 1559 1549 1623 hauriret

318 1689 382 1735 non
406 1670 547 1735 innotuit
571 1670 663 1734 alter.

695 1954 719 2012 l.
738 1954 783 2008 Ite
803 1953 953 2022 llesychlo
973 1955 1004 2009 et
1023 1953 1161 2009 Laertio.

405 2099 544 2180 Egregie
569 2097 780 2162 Nietzscheus
804 2097 898 2181 [mus
923 2098 1012 2163 rhen.
1035 2097 1140 2162 XXIV
1165 2095 1281 2181 (1869)
1305 2117 1335 2178 p.
1355 2097 1546 2180 alo-225]

316 2206 551 2272 demonstravit
573 2205 768 2287 Hesychium
791 2223 855 2269 non
879 2205 950 2287 ipso
974 2205 1105 2269 Laertio
1130 2205 1186 2268 sed
1211 2203 1299 2268 fonte
1324 2205 1394 2269 eins
1417 2205 1546 2284 biogra-

315 2311 410 2394 phico
439 2329 510 2378 esse
543 2309 713 2392 usum¹¹⁸).
767 2312 982 2390 Nihilominus
1010 2312 1195 2393 nuperrime
1225 2311 1375 2376 Flachius
1412 2311 1545 2394 [unter-

315 2418 499 2500 suahungen
516 2439 556 2484 zu
573 2419 688 2500 Suidas
704 2420 769 2483 und
786 2419 929 2484 Eudocia
948 2421 1032 2482 1879
1048 2439 1078 2499 p.
1099 2420 1141 2483 50
1165 2418 1249 2501 sqq.]
1266 2419 1389 2483 recoxit
1404 2419 1543 2484 vetulam

316 2531 349 2589 et
373 2543 487 2607 ,paene
522 2527 713 2591 exstinctam
749 2545 859 2591 eorum
895 2527 1108 2607 suspicionem
1144 2527 1199 2607 qui
1234 2525 1400 2589 Laertium
1440 2526 1543 2607 ipsum

317 2632 531 2715 Hesychianis
567 2634 698 2697 subesse
734 2633 809 2698 vitis
843 2638 967 2715 putant.

408 2743 435 2804 1.
460 2740 539 2805 Inde
555 2741 733 2804 exeundum
750 2741 900 2804 Flaehins
923 2746 1041 2821 censet,
1068 2741 1152 2822 quod
1169 2738 1290 2804 frustra
1307 2740 1370 2802 iam
1388 2739 1542 2820 Tanaquil

315 2847 421 2912 Faber
450 2848 597 2912 mutilum
627 2848 748 2912 Laertii
779 2849 820 2912 ad
849 2868 908 2912 nos
944 2849 1129 2931 pervenisse
1161 2847 1324 2929 exemplar
1352 2847 1541 2912 coniecerat.

315 2955 406 3032 Quod
437 2955 465 3018 si
496 2960 582 3018 esset
610 2974 736 3034 verum,
766 2960 927 3036 possent
962 2973 1001 3018 ex
1031 2955 1176 3036 pleniore
1206 2954 1328 3018 Laertii
1357 2954 1541 3017 recensione

314 3062 577 3144 philosophorum
602 3063 689 3128 vitae
704 3063 928 3144 Hesychianae
948 3064 1061 3144 repeti.
1102 3064 1214 3127 Fidem
1230 3063 1331 3144 igitur
1347 3062 1541 3143 opinationis

314 3169 508 3235 Flachianae
524 3171 752 3252 ponderemus:
770 3171 987 3252 opinationem
1005 3172 1076 3235 dico
1091 3191 1155 3235 non
1171 3170 1405 3252 probationem.
1454 3166 1540 3232 ‘Dais

314 3277 477 3358 Diogenes
494 3278 719 3359 ursprdnglich
735 3278 968 3360 vollstitndiger
985 3298 1140 3361 gewesen,
1165 3279 1325 3343 heweisen
1349 3278 1401 3342 die
1426 3276 1540 3340 artikel

313 3383 358 3448 im
392 3384 585 3465 violatiam,
626 3385 682 3450 auf
717 3386 770 3451 die
804 3386 975 3451 Nietzsche
1014 3387 1108 3452 keine
1143 3385 1308 3450 rdchsicht
1343 3403 1539 3466 genommen,

314 3492 491 3558 besonders
515 3491 572 3557 der
596 3492 676 3558 iiber
692 3493 910 3573 Antisthenes,
935 3493 1013 3558 eber
1033 3493 1114 3558 anch
1131 3493 1183 3556 dic
1203 3491 1304 3557 briefe
1328 3492 1386 3556 des
1402 3492 1538 3573 Epicur'.

317 3645 530 3656 Ἣ

392 3722 444 3792 116)
515 3721 681 3791 Hippolytus
699 3739 725 3791 p.
745 3725 797 3778 565
817 3723 901 3777 Diels.
1048 3721 1051 3810 l
1199 3722 1329 3776 Laertius
1347 3723 1395 3775 IX·

372 3850 533 3921 Δημόκριτος
556 3854 735 3919 Δαμασίππου
756 3848 907 3920 Ἀβδηρίτης
931 3853 1038 3910 πολλοῖς
1062 3848 1262 3901 Demetrius
1281 3847 1395 3915 Magnes
1419 3853 1447 3900 ἐν
1469 3845 1537 3917 ὁμωὲ

316 3939 462 4012 συμβαλών
478 3944 710 4010 γομνοοοφισταῖς
729 3943 757 3992 ἐν
772 3939 871 3999 Ἰνδοῖς
889 3941 935 3991 καὶ
955 3941 1037 4008 ἱερεῦ·
1063 3936 1158 4009 ιὀμοις

317 4049 360 4084 σιν
378 4033 407 4082 ἐν
426 4027 554 4099 Αἰγύπτῳ
578 4029 624 4080 καὶ
646 4026 820 4100 ἀστρολόγοις
839 4031 884 4082 καὶ
903 4033 931 4082 ἰν
950 4036 1037 4098 Badu-
1061 4033 1089 4080 et
1103 4025 1329 4080 Antisthenes
1346 4029 1375 4078 ἐν
1393 4027 1536 4096 διαδοχαῖς.

316 4119 382 4172 tolus
400 4117 507 4190 μάγοις.
822 4127 823 4130 ’

391 4205 440 4276 111)
460 4211 562 4278 ἐγένετο
582 4208 612 4259 δὲ
633 4205 755 4277 [Thales]
776 4207 843 4260 κατὰ
864 4211 991 4276 Κροῖσον.
1062 4203 1264 4258 Sosicrates.
1284 4203 1318 4257 cf.
1339 4204 1430 4256 Laert.
1449 4202 1462 4254 Ι
1482 4205 1519 4256 lo.

389 4293 440 4365 118)
458 4296 626 4364 Quamquam
646 4301 677 4348 ut
696 4311 767 4349 nunc
780 4311 831 4364 per
850 4312 878 4348 se
896 4301 974 4362 patet
993 4295 1026 4347 de
1040 4293 1180 4346 Demetrio
1194 4293 1320 4360 Magnete
1339 4309 1451 4360 prorsus
1470 4307 1536 4344 erru-

317 4383 366 4436 rit.
386 4415 419 4422 -
440 4384 556 4452 Scripsit
581 4383 735 4454 Hesychius
758 4383 883 4438 Milesius
911 4399 934 4437 c.
953 4387 1006 4439 590
1035 4383 1080 4453 [cf.
1098 4383 1194 4436 Robde
1222 4399 1289 4435 mus.
1318 4381 1395 4434 rhen.
1424 4379 1535 4435 XXlllV

318 4473 416 4544 [rsus]
436 4489 462 4541 p.
481 4475 553 4542 sear.
