3432 5400
1313 526 1376 590 155

158 708 283 772 ceteros
311 701 447 770 fontium
470 702 743 786 Diogenianorum
772 703 997 786 compilatores
1025 702 1166 768 Dioclen.
1214 703 1377 770 videamus

157 832 199 879 an
219 812 301 877 baec
316 811 414 877 etiam
430 812 551 877 rectius
567 829 662 894 quam
687 816 755 878 ate
778 810 965 877 factumest
984 808 1118 877 definire
1140 811 1246 878 liceat.
1274 831 1378 894 pauca

156 921 231 988 vitis
246 918 469 1002 Xenophontis
494 918 539 1002 (Π
556 918 613 1000 54)
629 919 788 1002 Aristippi
811 918 858 1002 (II
875 919 932 1000 82)
955 918 1131 1002 Pyrrhonis
1154 919 1214 1000 (IX
1231 921 1282 986 61.
1301 917 1377 1003 65⁴)

156 1027 312 1110 adspersa
340 1031 429 1108 sunt,
458 1044 561 1110 neque
587 1027 670 1092 latet
692 1025 772 1092 haec
795 1026 909 1092 alienis
932 1027 1093 1093 interiori.
1139 1027 1378 1092 memorabilius

157 1141 191 1202 et
213 1135 342 1218 longius
371 1138 557 1218 excerptum
585 1134 619 1199 in
642 1133 782 1216 Epicuro
813 1135 913 1215 inest,
942 1135 998 1200 ubi
1020 1134 1158 1218 paginae
1183 1133 1403 1216 Cobetianae,

156 1244 220 1309 257
252 1259 363 1309 versus
393 1243 523 1308 28-38
553 1260 624 1307 cum
656 1241 849 1308 testimoniis
877 1242 1008 1324 Epicuri
1037 1247 1071 1308 et
1097 1243 1225 1308 49-51
1256 1242 1378 1309 Dioclis

155 1356 246 1432 sunt,
276 1351 441 1433 egregium
465 1349 651 1418 sobrietatis
674 1349 853 1432 Epicureae
875 1351 1096 1432 praeconium3
1126 1349 1281 1417 adhaeret
1310 1351 1377 1433 epi·

156 1476 301 1542 gramma
323 1458 492 1539 Athenaei,
517 1457 583 1523 sive
605 1457 714 1540 potius
739 1456 897 1539 inhaeret,
927 1456 1013 1522 baud
1042 1457 1124 1522 bene
1153 1457 1378 1541 interpositum

155 1563 418 1648 acompilatore.
469 1564 568 1630 latius
596 1569 711 1648 patent
738 1564 870 1632 Dioclea
899 1564 932 1631 in
956 1563 1081 1649 Cynicis
1112 1570 1144 1631 et
1168 1565 1297 1647 Stoicis3
1326 1566 1378 1633 hic

155 1675 250 1755 enim,
274 1673 330 1740 ubi
352 1673 392 1739 de
415 1674 579 1756 magistris
603 1677 824 1755 apostatarum
846 1673 1007 1738 Aristonis
1027 1672 1237 1756 Dionysiique
1259 1675 1376 1757 agitur,

156 1783 244 1848 etin
269 1780 446 1865 Chrysippo
471 1780 560 1865 (181,
591 1798 665 1845 nam
696 1781 781 1862 quod
808 1779 848 1846 de
876 1782 1058 1863 patrc179
1088 1799 1152 1846 non
1183 1781 1336 1848 dissentit
1358 1801 1378 1848 a

155 1888 282 1970 vulgari
295 1886 390 1968 farna,
407 1887 500 1953 nihili
517 1887 579 1972 est)
595 1887 642 1952 ita
657 1887 819 1954 inducitur
830 1892 868 1954 ut
879 1907 942 1954 non
957 1887 1062 1970 possit
1077 1887 1232 1972 distingui
1247 1888 1288 1954 ab
1304 1908 1378 1956 auc-
1415 1955 1417 1963 ,

156 1995 279 2062 toribus
315 2014 334 2061 a
366 1995 513 2088 Diogene
547 2013 721 2078 numquam
754 1995 842 2061 visis.
895 1999 1066 2077 praeterea
1095 1995 1201 2078 logica
1228 1997 1377 2079 specialis

157 2103 338 2169 Stoicorum
354 2122 393 2168 ex
409 2120 446 2169 eo
471 2102 634 2185 descripta
657 2106 716 2182 est,
742 2102 831 2167 ouius
847 2101 1002 2167 terminos
1025 2100 1124 2168 fixisti
1147 2123 1178 2185 p.
1199 2103 1248 2168 15.
1280 2105 1378 2170 etiam

155 2210 250 2294 plura
285 2211 417 2278 subesse
451 2211 600 2276 videntur
633 2211 667 2275 in
696 2209 844 2292 Cynicis,
872 2213 1043 2291 postquam
1072 2210 1111 2276 de
1140 2211 1283 2294 Menippi
1310 2212 1378 2277 vita

156 2323 293 2385 constat.
350 2338 388 2385 ac
415 2319 510 2384 iussit
540 2318 581 2384 ab
608 2317 800 2384 Antisthene
827 2315 987 2400 proficisci
1017 2336 1089 2382 eum
1117 2319 1172 2401 qui
1199 2318 1239 2384 de
1266 2319 1378 2384 Diocle

156 2427 362 2493 adcuratiora
385 2426 537 2493 docturus
561 2429 648 2492 esset
669 2425 840 2490 Dielcsius.
881 2443 951 2490 cum
977 2425 1010 2489 in
1034 2426 1151 2491 ceteris
1174 2427 1291 2510 cynicis
1309 2432 1378 2493 tum

155 2535 188 2600 in
211 2534 405 2600 Antisthene
432 2533 611 2616 biographo
643 2551 721 2598 usus
750 2536 800 2597 esi
826 2531 988 2615 Diogenes
1015 2534 1225 2616 paupertino,
1256 2535 1310 2616 qui
1336 2553 1378 2600 ne

156 2642 270 2708 solitas
298 2641 426 2724 quidem
450 2660 489 2706 ex
512 2641 707 2723 Apollodoro
736 2640 933 2722 excerpserit
962 2646 1144 2723 temporum
1178 2643 1375 2723 notationes3

154 2768 259 2833 neque
283 2767 323 2814 ex
346 2748 570 2816 Alexandrinis
599 2749 767 2832 quisquam
790 2752 921 2830 praeter
943 2747 1155 2832 Hermippum
1184 2751 1375 2817 nominatur.

155 2862 232 2940 post
255 2856 335 2922 duas
359 2856 580 2939 paragraphos
604 2855 645 2920 ad
668 2855 799 2921 inventa
822 2854 994 2937 transitur,
1018 2875 1092 2922 mox
1115 2858 1156 2922 ad
1179 2857 1378 2940 apophtheg·

155 2969 252 3045 mata,
279 2963 353 3029 dein
377 2965 417 3029 ad
440 2963 571 3045 placita.
611 2962 757 3045 sequitur
773 2962 791 3044 β
808 2963 848 3026 12
871 2963 1064 3044 placitorum
1087 2963 1191 3030 altera
1211 2965 1376 3046 conlectio,

155 3071 297 3150 Diocles,
326 3070 427 3152 proba
450 3070 587 3154 quidem,
620 3071 678 3136 sed
705 3070 758 3136 vix
780 3070 983 3136 antecedenti
1012 3076 1068 3137 aut
1095 3071 1254 3153 copiosior
1277 3070 1377 3137 multo

157 3183 215 3244 aut
238 3176 429 3244 adcuratior.
470 3177 545 3243 hinc
568 3178 640 3260 ipsa
662 3175 760 3244 verba
783 3175 967 3243 adscribere
994 3178 1079 3243 malo
1106 3178 1264 3261 διελέγετο
1287 3178 1316 3243 δ’
1342 3178 1378 3244 ἐν

155 3284 201 3373 τῷ
223 3281 424 3371 Κυνοσάργει
448 3335 544 3351 .....
569 3281 652 3349 ὅθεν
678 3281 763 3358 τινὲς
792 3278 847 3346 καὶ
880 3282 938 3369 τὴν
966 3283 1095 3369 κυνικὴν
1122 3284 1278 3352 ἐντεῦθεν
1306 3283 1377 3352 ὄνο-

155 3392 341 3478 μασθῇναι·
377 3388 476 3469 αὖτίς
497 3395 524 3458 τ’
550 3392 737 3458 ἐπεκαλεῖτο
754 3389 954 3459 Ἁπλοκύων.
994 3393 1049 3457 καί
1069 3395 1198 3481 πρῶτος
1220 3393 1378 3459 ἐδίπλωσε

156 3499 215 3567 τὸν
236 3505 388 3585 τρίβωνα,
412 3500 505 3566 καθά
527 3517 607 3588 φησι
631 3499 781 3585 Διοκλῆς,
804 3504 858 3563 καί
881 3498 969 3588 μόνῳ
991 3497 1077 3590 αὐτῷ
1098 3501 1216 3589 ἐχρῆτο,
1239 3501 1379 3588 βάκτρον

156 3611 183 3675 τ’
210 3605 349 3692 ἀνέλαβε
376 3613 430 3673 καὶ
456 3607 574 3695 πήραν.
632 3615 761 3697 πρῶτον
789 3607 827 3671 δὲ
855 3608 910 3670 καὶ
933 3605 1086 3694 Νεάνθης
1115 3610 1193 3696 φησί
1217 3608 1379 3673 διπλῶσαι

156 3713 334 3802 θοίμάτιον
358 3715 572 3804 (Σωσικράτης
600 3719 629 3783 δ’
660 3717 698 3782 ἐν
724 3710 752 3795 γ’
775 3715 943 3797 Διαδοχῶν
968 3714 1139 3802 Διόδωρον
1166 3718 1224 3782 τῶν
1243 3712 1378 3782 Ἇσπέν·

157 3825 245 3906 διον)
269 3829 324 3887 καί
345 3821 485 3903 πώγωνα
499 3827 655 3890 καθεῖναι
676 3825 732 3888 καί
746 3820 833 3911 πήρᾳ
856 3829 911 3887 καὶ
933 3822 1058 3911 βάκτρῳ
1073 3824 1227 3910 χρῆσθαι.
1264 3825 1378 3889 τοῦτον

157 3929 261 4017 μόνον
287 3930 322 3994 ἐκ
348 3933 414 3997 τῶν
436 3931 646 4020 Σωκρατικῶν
670 3929 865 4014 Θεόπομπος
887 3930 1017 3998 ἐπαινεῖ
1040 3935 1095 3996 καί
1119 3945 1196 4018 φησι
1218 3930 1327 3996 δεινόν
1349 3931 1375 3993 τ’

158 4039 193 4123 (l.
219 4037 288 4106 οίο’ν
309 4041 352 4127 τ’)
375 4043 459 4106 εἶναι
482 4041 536 4105 καί
559 4041 599 4106 δι’
625 4037 753 4126 ὁμιλίας
776 4041 931 4125 ἐμμελοῦς
953 4039 1142 4124 ὑπάγεσθαι
1161 4038 1268 4105 πάνθ’
1294 4037 1378 4104 ὁντι-

228 4215 254 4286 4)
271 4216 324 4272 Hic
341 4217 510 4273 luculentum
528 4222 579 4286 est,
598 4216 749 4288 aDiogene
762 4223 921 4288 excerptum
933 4217 1037 4272 Diochs
1055 4232 1152 4286 parum
1170 4215 1277 4270 curiose
1290 4214 1378 4269 intru-

159 4321 218 4360 sum
237 4320 297 4361 esse
315 4306 388 4363 ritae
407 4323 489 4376 quam
507 4307 679 4377 compilabat,
698 4323 761 4362 nam
779 4308 821 4362 uti
839 4307 893 4364 iam
910 4307 1012 4377 legitur
1028 4305 1183 4362 necessario
1202 4305 1236 4360 ad
1258 4304 1378 4373 Pyrrho-

158 4411 220 4450 nem
247 4395 368 4452 relertur
396 4398 469 4465 quod
497 4398 530 4453 de
555 4398 679 4468 Pythone
704 4397 807 4452 dictum
834 4403 895 4453 erat
918 4413 934 4452 a
957 4395 1066 4466 Diocle3
1096 4395 1229 4465 Pythonis
1255 4393 1379 4464 proxima

158 4484 298 4542 antecedit
315 4487 425 4542 mentio.
