3432 5400
334 463 395 530 152

333 648 483 709 stonenus
514 638 733 722 Hipparchus;
761 656 837 704 nam
864 637 1055 706 Posidonius
1082 637 1256 704 Panaetius
1284 635 1444 704 Cornutus
1474 640 1548 706 olim

332 749 496 816 infuerunt
523 747 670 830 Diogeni.
721 764 913 830 quamquem
942 746 993 812 vel
1020 747 1060 812 de
1087 747 1181 812 unico
1209 745 1265 812 illo
1295 750 1427 812 auctore
1455 747 1549 813 alicui

333 856 527 923 dubitationi
549 855 639 923 locus
662 859 721 920 est
761 855 854 921 mitto
870 854 1075 938 Pythagorea
1089 853 1253 938 Hesychii,
1275 854 1443 937 probabile
1467 855 1549 921 enim

252 973 254 976 ’
333 971 384 1032 est
405 966 503 1032 latius
523 967 636 1046 patere
659 981 755 1046 quam
774 963 988 1029 demonstrari
1010 966 1120 1045 potest
1133 961 1304 1046 Porphyrii
1326 981 1432 1043 usum,
1456 963 1549 1028 mitto

334 1075 523 1156 Diagoram,
553 1072 608 1154 qui
636 1089 700 1137 non
728 1076 892 1154 tamqnam
920 1069 1144 1152 philosophus,
1176 1071 1233 1136 sed
1260 1075 1424 1154 tamquam
1453 1076 1550 1155 poeta

334 1186 484 1263 receptus
508 1197 579 1244 esse
602 1179 738 1260 videtur,
762 1179 896 1262 perinde
919 1181 1017 1261 atquc
1040 1177 1236 1260 Alcidamas,
1266 1179 1322 1263 qui
1351 1198 1422 1246 cum
1444 1179 1550 1246 rheto-

333 1290 423 1356 ribus
451 1307 472 1352 e
498 1287 619 1370 Gorgia
648 1291 682 1352 et
703 1286 847 1353 Isocrate
874 1283 1089 1368 pendentibus
1120 1285 1287 1368 cohaeret,
1318 1306 1453 1371 quorum
1480 1287 1550 1354 fons

334 1399 553 1478 incompertus
576 1399 641 1475 est;
666 1395 765 1461 etiam
791 1395 826 1458 in
842 1393 934 1477 Syrio
949 1393 1133 1476 Pherecyde
1156 1411 1221 1460 non
1242 1412 1307 1460 una
1331 1395 1550 1477 explicationis

334 1507 386 1572 via
410 1508 524 1586 aperta
548 1508 606 1569 est.
647 1502 704 1568 sed
727 1503 782 1586 qui
804 1500 843 1567 fit
864 1507 902 1567 ut
923 1501 1158 1584 Megaricorum
1189 1502 1348 1568 successio
1371 1502 1551 1586 discrepet?

335 1613 478 1679 Euclidis
501 1611 629 1694 quidem
657 1612 725 1676 vita
753 1609 839 1692 apud
862 1609 993 1676 Suidem
1020 1614 1088 1675 tam
1116 1608 1207 1674 exiHs
1240 1612 1290 1674 est
1312 1613 1349 1674 ut
1371 1612 1551 1677 concinnari

337 1741 408 1788 cum
425 1721 570 1802 Diogene
593 1719 706 1800 possit,
732 1719 788 1784 sed
806 1717 960 1800 Ichthyne
984 1717 1218 1784 successionem
1239 1715 1292 1782 hic
1314 1717 1443 1800 ignorat
1464 1721 1551 1786 etin

337 1830 482 1912 Stilpone
505 1846 546 1893 ne
568 1827 682 1893 umbra
704 1826 833 1909 quidem
857 1843 1039 1892 consensus.
1077 1844 1174 1908 porro
1198 1823 1285 1889 haud
1299 1824 1381 1891 bene
1397 1845 1468 1892 cum
1491 1847 1551 1894 uno

336 1939 393 2004 illo
417 1942 549 2002 auctore
566 1935 715 2017 congruit
736 1935 822 2018 quod
836 1933 1014 2018 Hesychius
1037 1951 1152 2000 novam
1175 1933 1379 1999 Academiam
1403 1939 1437 2000 et
1459 1936 1552 2002 aha·

339 2047 416 2130 cyde
441 2051 475 2110 et
497 2065 517 2109 a
540 2042 706 2110 Carneade
729 2042 808 2108 dicit
831 2042 985 2124 coepisse,
1014 2043 1104 2107 cuius
1126 2042 1213 2108 modi
1235 2041 1316 2106 nihil
1338 2042 1371 2108 in
1394 2043 1551 2126 Diogcnc3

337 2154 394 2221 sed
417 2155 449 2218 in
466 2151 665 2218 Academicis
681 2151 808 2217 omnino
828 2149 950 2216 titubat
971 2149 1134 2232 iudicium,
1159 2168 1229 2216 cum
1251 2150 1337 2216 inter
1351 2150 1554 2217 Polemonem

338 2268 371 2329 et
398 2261 556 2344 Lacydem
589 2259 678 2325 nulla
704 2260 772 2326 vita
799 2258 840 2324 ah
866 2257 1027 2341 Hesychio
1057 2256 1121 2343 (vel
1150 2276 1170 2323 a
1200 2257 1312 2343 Suida)
1341 2264 1472 2341 recepte
1503 2261 1552 2326 sit

337 2391 378 2437 ne
400 2373 434 2436 in
453 2370 569 2436 Stoicis
592 2367 720 2451 quidem
741 2368 848 2433 omnia
869 2366 979 2449 plana3
1004 2385 1078 2431 narn
1095 2365 1228 2432 Cornuti
1252 2367 1319 2433 vita
1340 2366 1469 2434 videtur
1486 2387 1555 2434 cum

338 2479 486 2544 Musonio
516 2476 701 2557 cohaerere,
737 2493 831 2560 quem
855 2475 991 2558 Diogeni
1026 2473 1159 2540 infuisse
1188 2493 1252 2542 non
1281 2480 1422 2557 constat,
1452 2495 1555 2560 neque

338 2587 504 2671 probabile
528 2590 587 2664 cst,
611 2585 640 2649 si
663 2584 792 2667 quidem
815 2585 1016 2650 iunctus·est
1038 2582 1211 2650 secundum
1227 2581 1358 2650 Suidam
1373 2603 1444 2650 cum
1459 2586 1555 2667 Apol·

337 2697 423 2763 lonio
457 2694 631 2776 Tyanensi,
667 2693 722 2776 qui
754 2697 788 2758 et
822 2691 946 2757 chenus
975 2691 1162 2774 aDiogene
1196 2696 1229 2757 et
1264 2691 1433 2758 obscurum
1466 2693 1555 2759 illum

339 2803 604 2887 Agresphontem,
621 2819 813 2884 quamquam
824 2801 858 2865 in
870 2799 974 2866 altera
985 2805 1110 2866 tantum
1128 2799 1244 2882 glossa,
1262 2800 1390 2866 excitat.
1420 2801 1556 2884 denique

339 2915 493 2994 ingruunt
522 2909 705 2992 philosophi
736 2910 791 2992 qui
820 2909 902 2975 citra
929 2909 1084 2991 Diogenis
1112 2908 1267 2974 terminos
1295 2909 1443 2975 vixerunt
1474 2928 1555 2976 com-

339 3023 457 3104 plures.
498 3020 555 3084 sed
577 3019 743 3084 mittamus
772 3017 913 3100 singula,
941 3018 1135 3099 praesertim
1159 3035 1229 3083 cum
1251 3035 1293 3082 ne
1316 3035 1466 3083 conemur
1489 3019 1556 3101 qui·

340 3131 412 3194 dem
436 3128 608 3210 quidquam
630 3127 746 3191 docere
768 3126 856 3192 novi:
883 3130 1005 3192 certum
1028 3132 1079 3191 est
1101 3126 1166 3192 iam
1181 3144 1379 3192 communem
1395 3131 1557 3193 auctorem

340 3239 374 3303 in
398 3235 514 3301 Stoicis
537 3251 639 3315 usque
667 3234 708 3298 ad
738 3233 914 3315 Neronem,
944 3235 977 3300 in
1001 3234 1200 3300 Academicis
1229 3252 1270 3300 ne
1298 3233 1341 3299 ad
1366 3235 1557 3300 Antiochum

341 3344 470 3427 quidem
492 3342 702 3425 pertinuisse;
727 3359 801 3405 nam
824 3339 1056 3423 praefationem
1079 3359 1143 3407 non
1166 3342 1266 3406 multo
1290 3346 1366 3424 post
1379 3343 1557 3425 Augustum

341 3452 489 3535 primitus
514 3432 723 3532 compositam
746 3468 817 3515 esse
843 3468 860 3514 e
884 3449 993 3515 schola
1020 3450 1171 3516 eclectica
1198 3446 1260 3538 πρὸ
1283 3445 1394 3530 ὀλίγον
1421 3470 1441 3516 a
1464 3451 1557 3518 Pota·

341 3579 435 3626 mone
469 3559 597 3625 condita
631 3560 777 3641 sequitur
816 3558 919 3642 (tuam
958 3558 1152 3625 sententiam
1186 3576 1242 3624 cur
1276 3559 1442 3641 inprohem
1476 3559 1559 3625 inira

343 3668 475 3753 dicam),
506 3687 610 3750 neque
637 3666 733 3733 aliter
759 3667 799 3732 de
822 3667 960 3749 Epicuro
988 3666 1192 3733 iudicandum
1219 3672 1277 3734 est.
1323 3672 1460 3750 possunt
1481 3667 1558 3732 haec

344 3797 420 3843 sane
454 3779 502 3843 ita
541 3776 673 3841 enodari
711 3781 749 3840 ut
787 3793 914 3842 errasse
954 3780 1122 3842 censeatur
1162 3776 1351 3858 compilator
1388 3777 1444 3858 qui
1478 3775 1559 3842 circa

344 3886 577 3979 Antoninorum
606 3888 746 3950 aetatem
773 3883 886 3965 fucrit,
922 3884 979 3950 sed
1007 3884 1097 3950 vides
1123 3902 1164 3950 nc
1191 3885 1224 3950 in
1247 3884 1406 3968 Hesychio
1433 3884 1560 3967 quidem

344 3994 440 4076 plane
469 3998 617 4059 constare
646 4011 745 4057 unum
779 3996 876 4074 atque
904 3993 1039 4058 eundem
1066 3993 1100 4058 in
1128 3992 1273 4059 omnihus
1307 3992 1439 4058 subesse
1462 3994 1559 4074 scrip

345 4108 457 4167 torem.
505 4101 604 4166 multo
633 4101 737 4166 minus
767 4099 807 4166 ah
834 4100 895 4166 hoc
924 4120 987 4167 uno
1015 4101 1122 4184 repeti
1150 4105 1259 4184 potest
1281 4100 1477 4184 Porphyrius
1507 4105 1561 4167 aut
1698 4127 1699 4200 j

337 4209 481 4284 ¹Albinus
516 4215 572 4275 aut
605 4209 791 4292 Appuleius.
852 4209 1001 4276 nimirum
1032 4229 1091 4292 pro
1127 4210 1238 4275 eadem
1271 4227 1409 4292 persona
1442 4209 1560 4274 rectius

346 4319 477 4398 ponitur
510 4318 622 4384 eadem
656 4318 809 4384 doctrina.
863 4317 948 4401 quod
982 4323 1018 4384 tu
1052 4318 1230 4384 luculenter
1264 4318 1454 4401 exposuisti,
1488 4317 1561 4383 ulti·
1698 4277 1699 4332 ξ

348 4425 408 4489 mis
434 4425 573 4491 labentis
601 4426 803 4508 antiquitatis
830 4425 1028 4508 temporibus
1057 4426 1192 4492 eandem
1222 4426 1410 4493 eruditionis
1440 4425 1561 4508 copiam
1633 4459 1636 4466 ·
1698 4487 1699 4514 ἦ
