3420 5408
334 503 376 566 10

330 679 476 762 Dionysii
500 678 731 744 Metathemeni
762 683 795 742 et
824 679 910 744 vitae
941 683 974 743 et
1002 680 1132 745 decreta
1156 698 1227 744 cum
1249 679 1386 746 Zenonis
1415 679 1555 761 philoso

330 787 407 869 phia
430 791 467 852 ut
489 783 685 871 ἑτεροδόξων
708 789 816 850 essent
845 785 1027 864 coniuncta,
1057 787 1090 850 in
1122 806 1161 852 ea
1188 787 1274 852 idem
1301 787 1417 852 cadere
1443 788 1554 868 voluit,

330 894 523 977 praesertim
540 912 611 958 cum
631 891 749 973 ipsein
767 893 928 959 Aristonis
944 895 1012 958 vita
1028 895 1183 960 citaretur
1198 891 1371 976 Diocles³).
1404 894 1555 960 Attamen

330 1003 370 1068 de
398 1003 553 1068 librorum
582 1005 615 1065 et
643 1000 904 1082 homonymorum
936 1002 1092 1084 catalogis
1126 1021 1194 1068 rem
1229 1003 1276 1070 ita
1309 1002 1449 1068 nondum
1484 1021 1556 1068 esse

330 1115 451 1176 certam
474 1114 508 1174 et
531 1107 724 1187 absolutam3
750 1107 923 1174 fortasse
945 1114 1099 1192 utrosque
1115 1110 1328 1192 excipiendos.
1354 1145 1395 1158 —
1420 1111 1556 1176 Univer-

330 1237 398 1284 sam
414 1217 453 1281 de
470 1216 587 1282 Diocle
597 1217 791 1281 sententiam
807 1223 997 1298 argumento
1014 1217 1195 1283 confirmari
1211 1219 1351 1284 omnium
1373 1217 1555 1284 firmissimo

330 1325 367 1391 cf.
393 1325 454 1390 VII
480 1327 542 1390 160
566 1325 668 1388 ταῦτα
691 1328 752 1408 μὲν
774 1329 829 1386 καὶ
852 1322 893 1388 τὰ
917 1325 1037 1408 φυσικοὶ
1058 1324 1095 1389 τὸ
1118 1323 1197 1392 ὅσον
1219 1323 1295 1410 ἡμίν
1318 1322 1556 1413 ἆποχρηστικτῖις

330 1432 414 1514 ἔχειν
452 1433 543 1512 δοκεῖ
581 1432 828 1514 στοχαζομένοις
871 1437 924 1516 τῆς
967 1439 1161 1518 συμμετρίας
1198 1437 1255 1499 τοῦ
1296 1432 1555 1518 συγγράμματος.

330 1541 495 1607 Laertium
531 1539 582 1603 ἐπ’
617 1535 792 1626 αὐτοφώρῳ
832 1541 873 1606 ad
911 1542 1043 1607 verbum
1081 1542 1315 1608 describentem
1347 1542 1557 1608 Nietzscheus

329 1649 487 1730 gloriatur
510 1666 545 1712 se
569 1647 828 1728 deprehendisse,
854 1649 944 1713 cuius
967 1649 1042 1714 libri
1065 1651 1250 1732 symmetria
1274 1650 1396 1716 stoicae
1415 1649 1557 1731 philoso-

329 1756 425 1838 phiae
448 1755 571 1820 ambitu
593 1754 800 1820 vehementer
824 1761 910 1821 esset
932 1757 1034 1822 laesa:
1059 1758 1209 1823 nimirum
1233 1757 1331 1822 editio
1349 1756 1461 1822 Cobeti
1485 1776 1557 1822 eam

328 1864 456 1946 paginis
485 1862 707 1943 complectitur
729 1862 852 1942 XXVI,
883 1883 953 1928 cum
976 1864 1121 1930 Platonis
1149 1871 1182 1930 ct
1204 1865 1396 1930 Academiae
1426 1867 1558 1931 decreta

328 1973 388 2052 IX,
414 1970 600 2036 Aristotelis
623 1970 670 2050 H,
695 1969 899 2052 Pythagorae
922 1971 965 2050 V,
990 1957 1165 2054 Pyrrhonis
1189 1973 1249 2038 VH
1272 1973 1453 2055 perscripta
1476 1975 1555 2039 sint:

329 2079 418 2142 τινιιίε
446 2076 506 2141 illa
535 2078 631 2142 verba
659 2079 859 2142 somnolenta
881 2100 902 2141 ο
926 2078 1062 2143 laertio
1090 2081 1130 2144 de
1152 2078 1271 2144 Diocle
1298 2081 1463 2145 translata
1491 2101 1558 2146 esce

323 2191 422 2272 potat.
468 2186 557 2251 Haec
581 2185 621 2249 do
645 2185 770 2250 Stoicis.

417 2295 465 2358 De
488 2293 720 2374 Epicureorum
744 2293 892 2359 doctrina
914 2295 999 2359 idem
1023 2295 1088 2360 alia
1110 2296 1163 2362 via
1186 2295 1247 2361 sibi
1271 2293 1413 2360 effecisse
1428 2295 1557 2361 videtur

328 2401 546 2466 Nietzscheus.
586 2401 616 2466 X
642 2404 679 2464 11
706 2401 753 2466 ita
777 2402 907 2483 scripsit
929 2403 1093 2470 Laertius:
1122 2402 1259 2487 Διοκλῆς
1281 2402 1319 2466 δὲ
1342 2401 1378 2466 ἐν
1405 2405 1442 2490 τῇ
1470 2407 1558 2492 τρίτη

328 2508 380 2594 τῆς
404 2509 579 2596 ἐπιδρομῆς
602 2524 700 2594 φησιν
728 2503 936 2582 εὐτελέστατα
959 2516 1014 2573 καὶ
1036 2509 1191 2575 λιτότατα
1214 2511 1446 2593 διαιτωμένους
1469 2501 1560 2596 [τους

323 2614 593 2702 Ἐπικουρείους]·
618 2613 732 2702 κοτόλη
754 2623 852 2696 γοῦν,
875 2622 984 2701 φησίν,
1011 2617 1149 2682 οίνιδίου
1172 2614 1342 2703 ἠρκοῦντο·
1367 2617 1402 2680 τό
1426 2617 1465 2681 δὲ
1487 2623 1558 2683 πᾶν

328 2723 413 2809 ὕδωρ
435 2721 477 2809 ἦν
500 2724 609 2799 αὐτοῖς
631 2721 746 2789 ποτόν·
771 2721 827 2789 τόν
850 2749 883 2788 τε
899 2720 1090 2810 Ἐπίκουρον
1113 2721 1156 2809 μὴ
1180 2721 1294 2800 ἀξιοῦν
1323 2727 1368 2798 εἰς
1390 2723 1427 2789 τό
1444 2723 1557 2791 κοινόν

327 2829 553 2897 οἷναιίθεσθαι
581 2827 639 2904 τὰς
674 2827 800 2911 οὐσίας,
835 2830 992 2917 καθάπερ
1022 2832 1228 2919 Πυθαγόραν
1256 2829 1350 2897 κοινὰ
1379 2833 1420 2894 τὰ
1451 2833 1558 2917 φίλων

326 2940 478 3022 λέγοντα
504 2935 727 3004 ἀπιστούντων
749 2941 811 3026 γὰρ
833 2943 917 3005 εἶναι
940 2941 976 3004 τδ
1000 2946 1158 3008 τοιοῦτον·
1183 2939 1261 3006 τίδ’
1291 2936 1451 3022 ἀπίστων,
1481 2936 1557 3004 οὐδὲ

328 3047 441 3131 φίλων.
482 3046 564 3110 Hinc
587 3045 666 3111 illud
690 3047 708 3128 ᾗ
733 3048 752 3109 9
777 3043 946 3129 ιμεμήνασι
970 3047 999 3110 δ’
1019 3041 1115 3114 οὗτοί
1142 3047 1223 3130 [scil.
1247 3047 1380 3129 Epicuri
1404 3047 1556 3113 calumni-

329 3154 451 3238 atores]
475 3154 515 3218 ad
539 3157 646 3218 utrum
663 3154 834 3236 pertineat,
860 3155 1027 3237 adparere,
1052 3157 1093 3220 ad
1109 3156 1273 3222 Laertium
1297 3175 1339 3221 an
1355 3156 1396 3221 ad
1411 3155 1556 3222 Dioclem

328 3263 453 3344 potius,
477 3261 552 3326 hinc
579 3261 678 3326 verba
702 3261 721 3343 ἓ
745 3265 764 3325 9
795 3260 815 3345 ἦ
839 3286 874 3326 τε
904 3261 1041 3347 διαδοχή
1068 3261 1282 3350 [Ἐπικούρου]
1305 3267 1420 3328 πασῶν
1443 3260 1557 3343 σχεδόν

328 3369 526 3432 ἐκλιπουσῶν
554 3368 618 3432 τῶν
648 3367 758 3432 ἄλλων
787 3369 819 3442 ἐς
850 3365 900 3433 ἀεὶ
928 3370 1130 3453 διαμένουσα
1160 3374 1215 3432 καὶ
1249 3373 1426 3456 νηρίθμους
1458 3365 1558 3456 ἀρχὰς

328 3474 520 3542 ἀπολύουσα
542 3475 648 3560 ἄλλην
671 3475 707 3554 ἐξ
730 3476 829 3562 ἄλλης
850 3479 915 3540 τῶν
937 3481 1104 3563 γνωρίμων
1127 3496 1190 3542 non
1206 3477 1331 3542 Laertii
1354 3477 1411 3542 sed
1434 3476 1556 3542 Dioclis

327 3585 466 3667 prodere
490 3583 693 3649 sententiam.
733 3582 879 3664 Denique
904 3584 1023 3648 claram
1046 3585 1079 3648 in
1103 3585 1182 3650 haec
1198 3585 1322 3650 Laertii
1337 3584 1437 3650 verba
1453 3585 1555 3650 lucem

328 3690 462 3757 diffundi
490 3691 519 3754 X
550 3691 607 3755 28:
645 3687 799 3773 ἐπιτομὴν
833 3686 975 3756 δἀὖτῶν
1005 3690 1187 3777 [librorum]
1222 3694 1251 3756 εἰ
1278 3692 1366 3757 δοκεῖ
1393 3693 1554 3756 ἐκθέσθαι

327 3799 534 3885 πειράσομαι,
558 3807 639 3882 τρεῖς
660 3795 832 3874 έπιστολολς
855 3795 955 3864 αὐτοῦ
979 3803 1212 3886 παραθέμενος
1235 3799 1272 3866 ἓν
1294 3799 1344 3875 atr
1366 3805 1479 3864 πᾶσαν
1501 3797 1556 3883 τὴν

327 3907 527 3994 φιλοσοφίαν
550 3903 718 3990 ἐπένεμον·
742 3903 890 3990 θήσομαι
914 3906 950 3970 δὲ
972 3907 1028 3970 καὶ
1043 3908 1102 3981 τοὶς
1118 3912 1226 3993 κυρίας
1241 3904 1345 3973 αὐτοῦ
1369 3906 1478 3993 δόξας,
1502 3907 1556 3972 καὶ

327 4019 359 4080 εί
384 4036 413 4077 τι
447 4013 555 4092 ἔδοξεν
584 4012 717 4098 ἐκλογῆς
746 4010 843 4091 ἀξίως
878 4010 1133 4098 ἆπεφθέγχθαι,
1169 4011 1248 4078 ὥστε
1277 4033 1310 4079 σε
1342 4011 1556 4097 πανταχόθεν

328 4126 536 4204 καταμαθεῖν
562 4119 619 4186 τὸν
642 4119 750 4207 ἄνδρα
774 4118 855 4204 κάμὲ
877 4113 998 4208 κρίνειν
1021 4120 1151 4188 είδέναι.
1198 4123 1319 4188 Iterum
1343 4123 1492 4188 Laertius
1516 4123 1555 4187 de

328 4228 512 4295 Nietzschei
557 4229 706 4310 opinione
753 4231 954 4296 somnolenta
998 4229 1198 4295 exscribendi
1244 4231 1474 4297 consuetudine
1518 4248 1556 4296 eo

399 4368 425 4439 ⁸]
443 4368 606 4441 παραβαλών
624 4371 654 4423 δὲ
666 4374 815 4442 Πολέμωνι,
836 4373 901 4440 φησὶ
919 4369 1026 4437 Διοκλῆς
1045 4369 1059 4424 ὁ
1077 4371 1200 4444 Μάγνης,
1220 4375 1347 4445 μετέθετο
1366 4371 1491 4437 Ζήνωνος
1510 4369 1557 4442 ἆῤ-

327 4462 427 4532 §accip
444 4461 537 4532 μακρᾷ
554 4459 749 4532 περιπεσόντος,
