3432 5400
1304 489 1365 552 105

138 670 173 730 et
190 664 391 730 Onesicritus
414 669 448 728 et
462 663 734 746 Philostephanus
750 667 784 728 et
798 663 971 745 Hegesias3
996 665 1068 746 ipsa
1083 671 1190 730 nutem
1205 665 1368 732 volumina

138 791 180 838 ex
207 771 332 837 diutino
361 771 426 836 situ
456 770 648 853 squalebant
676 775 710 836 et
737 770 851 836 hahitn
881 770 1099 853 adspectuqne
1127 777 1232 838 taetro
1263 778 1366 840 erant.

138 879 229 944 Emit
241 878 366 944 Gellius
375 878 519 960 legitque
535 878 650 961 cupide
666 882 700 943 et
715 878 799 944 scitu
813 877 911 960 digna
926 878 1089 961 decerpsit
1102 879 1143 944 ad
1158 880 1369 962 paupertinas
1450 887 1456 902 “

139 1004 216 1052 suas
239 985 359 1052 Noctes
383 986 552 1052 ornandas.

233 1091 389 1160 Crederes
402 1093 541 1158 Gellium
553 1112 664 1158 vertam
676 1092 809 1159 dixisse:
825 1097 860 1157 at
871 1093 1074 1175 impudenter
1086 1093 1369 1177 imprudenterque

139 1201 313 1280 mentitur,
344 1201 372 1264 si
403 1201 532 1283 quidem
560 1200 649 1265 nulla
672 1217 743 1266 esse
767 1205 877 1282 potest
899 1200 1060 1266 dubitatio
1084 1201 1161 1283 quin
1185 1219 1224 1266 ex
1246 1201 1368 1266 Plinii

139 1307 180 1372 N.
205 1308 246 1372 H.
270 1307 332 1372 VH
355 1309 463 1370 9—12
494 1309 602 1372 omnia
630 1308 687 1372 illa
717 1307 871 1374 hauserit.
919 1308 966 1372 Ac
996 1309 1025 1374 si
1051 1308 1123 1389 quis
1147 1308 1186 1374 de
1210 1309 1370 1373 industria

140 1415 344 1480 commissam
366 1419 492 1478 tantam
521 1415 786 1480 animadverterit
808 1413 969 1495 fraudem,
1005 1415 1060 1496 qui
1088 1415 1121 1479 in
1153 1434 1188 1479 re
1213 1415 1370 1480 consimili

139 1520 238 1586 fidem
262 1521 396 1586 habehit
410 1522 576 1587 mendaci?
616 1521 788 1588 Consimile
805 1522 885 1587 illud
910 1526 960 1586 est
982 1521 1023 1585 de
1040 1522 1211 1604 omnigena
1235 1522 1370 1587 historia

140 1629 333 1695 Gelliannm.
392 1627 506 1711 Itaque
540 1634 577 1694 ut
611 1631 776 1694 minimum
812 1647 988 1708 sumamus,
1028 1627 1110 1693 hanc
1149 1631 1370 1710 quaestionem

140 1756 181 1801 eo
212 1735 388 1801 diiudicare
420 1735 541 1817 placet,
570 1740 678 1801 utrum
702 1740 792 1802 certa
822 1735 911 1800 illinc
940 1741 1092 1816 excerpta
1115 1736 1200 1816 apud
1232 1735 1371 1801 Gellium

140 1843 330 1924 adpareant.
371 1841 531 1924 Adparuit
553 1843 593 1908 de
616 1843 762 1909 Platonis
786 1842 911 1908 malitia
934 1842 1218 1923 disputatiuncula.
1258 1843 1370 1924 Apage

140 1951 243 2032 igitur
264 1948 360 2014 Gelhi
383 1948 493 2014 iidem:
519 1967 582 2016 non
605 1949 747 2014 reddidit
770 1951 972 2031 omnigenam
995 1949 1152 2014 hstoriam
1176 1950 1370 2015 aFavorino

140 2056 294 2122 oblatam.
319 2093 363 2102 -
384 2055 469 2120 Num
492 2055 611 2122 obtulit
632 2057 833 2122 Favorinus?
879 2055 1021 2122 Credant
1044 2055 1174 2121 creduli.
1216 2057 1250 2122 Si
1273 2075 1371 2122 sum-

140 2182 237 2228 mam
261 2163 521 2228 narratiunculae
551 2163 584 2228 in
615 2182 679 2245 qua
702 2164 803 2228 totius
832 2163 928 2228 cardo
956 2163 1094 2229 vertitur
1118 2165 1371 2230 commenticiam

141 2271 343 2353 aperuimus,
371 2274 443 2335 tota
465 2270 507 2335 ad
530 2270 665 2336 fabellas
689 2270 884 2336 remittenda
908 2275 1014 2336 estet
1038 2270 1241 2352 agnoscenda
1262 2271 1371 2353 potius

141 2395 240 2460 quam
275 2381 367 2442 aetas
404 2377 462 2442 illa
496 2378 610 2442 eximie
645 2377 745 2444 coluit
781 2377 975 2443 iactabunda
1010 2377 1227 2459 simplicitatis
1265 2383 1373 2444 osten-

141 2486 225 2550 tatio
261 2490 295 2550 et
329 2483 543 2549 fraudulenta
602 2482 647 2549 Ut
681 2489 845 2565 repetam,
890 2503 953 2550 non
994 2484 1136 2550 reddidit
1170 2485 1373 2566 omnigenam

141 2593 323 2672 historiam,
348 2591 511 2673 quianon
534 2594 585 2654 est
608 2589 726 2656 oblata.

233 2699 358 2764 Addam
396 2698 462 2764 alia
500 2716 582 2780 qnae
616 2696 758 2762 indidem
793 2698 973 2780 desumpsit
1008 2697 1147 2777 Gellius,
1188 2696 1245 2762 sed
1278 2697 1372 2761 mitto

141 2802 342 2890 incerta¹¹¹).

238 2916 265 2977 1.
290 2911 348 2976 13
374 2911 431 2996 [=
454 2911 562 2977 Laert.
587 2909 683 2994 171]
712 2911 752 2975 de
777 2909 909 2976 Chilone
933 2910 1186 2976 Lacedaemonio
1215 2910 1372 2990 exposuit.

141 3023 177 3088 Is
200 3019 409 3085 moribundus
432 3017 513 3082 nihil
536 3036 571 3082 se
595 3017 792 3082 commisisse
816 3017 894 3082 mali
916 3017 1020 3082 fertur
1044 3017 1177 3094 dixisse,
1202 3015 1264 3079 nisi
1289 3017 1375 3096 qnod

144 3131 179 3194 in
203 3127 298 3192 amici
322 3143 419 3190 causa
441 3125 547 3204 iudex,
573 3125 737 3206 cumipse
761 3125 935 3190 secundum
958 3125 1047 3206 leges
1065 3124 1232 3202 iudicaret,
1258 3123 1375 3187 ceteris

145 3241 183 3300 ut
217 3252 308 3298 reum
342 3231 526 3298 absolveret
559 3232 784 3313 persuasisset.
843 3232 1022 3298 Historiola
1060 3251 1099 3296 ex
1134 3229 1375 3295 historiolarum
1485 3321 1488 3328 Ι

146 3343 281 3426 generet
333 3341 472 3406 Vererer
501 3339 649 3421 equidem
678 3339 719 3404 ad
746 3338 960 3421 biographum
988 3339 1112 3404 Laertii
1148 3356 1219 3402 eam
1254 3335 1375 3402 referre

146 3486 190 3504 .-
215 3447 327 3530 quidni
345 3447 428 3511 alibi
452 3465 523 3510 eam
546 3446 689 3510 invenire
706 3445 830 3511 Gellius
853 3447 981 3528 potuit?
1004 3482 1048 3492 —
1070 3445 1134 3510 nisi
1156 3445 1227 3526 ipse
1251 3444 1375 3510 Gellius

147 3561 261 3640 aperte
285 3554 433 3620 dixisset:
458 3551 757 3618 Lacedaemonium
774 3551 944 3618 Chilonem
967 3551 1084 3616 m‘rum
1106 3573 1150 3617 ex
1173 3549 1232 3616 illo
1256 3549 1376 3637 mclylo

147 3682 289 3728 numero
316 3659 506 3746 sapientum
531 3657 694 3744 scriptum
728 3665 777 3724 est
809 3657 848 3725 im
881 3658 979 3725 libris
1012 3680 1127 3724 eorum
1160 3657 1235 3744 qui
1265 3657 1376 3722 va'tes

148 3790 286 3854 resque
303 3773 443 3853 gestes
464 3767 669 3832 clarorum
692 3765 900 3831 homimum
928 3763 1143 3830 memoriae
1166 3765 1376 3828 mandave-

149 3881 254 3940 runt
280 3882 340 3939 etc.
391 3875 460 3939 Iam
496 3892 646 3955 compara
681 3892 763 3956 quae
799 3874 838 3938 de
866 3873 1026 3938 Favorino
1061 3871 1125 3937 alio
1159 3870 1229 3936 loco
1265 3869 1377 3952 [supra

149 4003 181 4065 p.
208 3981 264 4064 78]
304 3981 435 4062 scripsit
477 3978 562 4066 ‘qui
595 3979 640 4044 de
679 3977 962 4064 Xenophontis
992 3975 1259 4062 Platonisque
1292 3974 1376 4040 vite

149 4094 188 4154 11
223 4086 403 4153 moribus
434 4086 632 4174 pleraque
669 4083 1169 4172 ommiaexquisitissime
1205 4080 1376 4168 scripse-

151 4200 273 4261 runl.

225 4333 276 4404 11²)
294 4317 379 4390 Veiut
397 4333 422 4388 v
441 4336 457 4389 a
485 4333 566 4402 [conr.
585 4333 678 4388 naen.
696 4333 737 4386 rx
755 4335 790 4389 54
808 4337 836 4386 et
854 4331 956 4401 opnor
978 4329 1038 4385 cor.
1057 4345 1080 4383 e.
1098 4327 1205 4400 xxm]
1226 4329 1261 4384 ne
1280 4329 1377 4384 Proa-

153 4440 221 4492 gora
239 4431 268 4478 et
286 4423 415 4492 Euathlo,
433 4423 500 4476 XIX
521 4425 561 4491 11,
583 4426 595 4477 l
615 4422 739 4477 Platonis
757 4422 930 4491 epigramma.
