3420 5408
338 433 379 496 16

335 611 473 676 indicem
499 629 540 676 ss.
566 610 641 694 vv.].
681 612 724 675 At
742 611 806 675 alia
822 629 874 675 res
896 611 929 675 in
946 612 1020 691 illis,
1045 612 1110 676 alia
1133 612 1165 677 in
1190 609 1394 695 ιΔιοιιλῆς’7).
1434 612 1564 678 Valebit

334 717 433 800 igitur
456 719 517 785 hoc
541 717 724 784 Nietzsehei
748 725 980 800 argumentum.

426 830 453 892 l.
479 826 615 892 Testes
645 826 677 890 in
701 825 761 890 hac
783 832 878 909 parte
902 828 1033 893 excitati
1056 829 1196 894 medium
1218 828 1357 910 primum
1381 847 1409 893 a.
1433 827 1506 892 Chr.
1530 848 1562 891 n.

335 934 497 999 saeculum
531 953 595 1000 non
632 938 799 1015 superant:
833 939 1016 1017 postremus
1047 937 1131 1002 enim
1160 935 1343 1018 adpellatur
1372 936 1564 1001 Posidonius

334 1041 403 1122 VII,
431 1044 471 1106 62
496 1041 548 1124 [cf.
574 1041 679 1106 Zeller
701 1042 760 1107 lV²
787 1043 850 1107 509
875 1039 966 1129 n.]⁸).

425 1152 454 1214 2.
479 1150 516 1213 ln
532 1149 663 1232 Epicuri
686 1150 752 1214 vita
768 1150 867 1214 semel
888 1151 906 1233 ξ
928 1153 947 1214 4
965 1151 1113 1216 Laertius
1134 1151 1175 1216 ad
1192 1151 1366 1216 Sotionis
1383 1151 1565 1224 Διοκλείους

335 1255 483 1337 ἐλέγχους
518 1257 609 1322 libris
643 1257 749 1323 XXIV
784 1258 982 1339 conscriptos
1015 1259 1211 1340 provocavit.
1273 1259 1305 1323 ls
1339 1257 1423 1323 liber
1456 1262 1565 1323 utrum

334 1362 432 1429 fuerit
471 1365 510 1429 de
546 1365 753 1446 ‘argumentis
790 1366 961 1446 Diocleis'‚
996 1371 1033 1431 ut
1062 1366 1312 1432 Frendenthalio
1343 1366 1386 1449 [p.
1417 1365 1495 1448 308]
1531 1369 1566 1429 et

336 1470 457 1537 coneto
481 1472 617 1553 videtur,
643 1492 683 1537 an
706 1474 755 1538 ‘de
772 1473 967 1540 refutatione
983 1474 1126 1554 Dioclis,
1152 1493 1233 1557 quae
1249 1472 1499 1538 Panzerbieteri,
1515 1477 1566 1536 est

336 1581 519 1645 coniectura
543 1580 666 1663 [Jahnii
689 1600 761 1646 ann.
788 1583 891 1665 suppl.
917 1583 945 1647 V
969 1582 1085 1664 (1837)
1109 1602 1140 1663 p.
1167 1584 1228 1646 211
1256 1581 1350 1665 sqq.]‚
1375 1600 1434 1645 nec
1457 1579 1565 1644 dirimi

335 1693 453 1769 potest,
471 1688 629 1770 siquidem
644 1688 738 1770 plura
753 1686 935 1771 fragmenta
950 1709 1014 1754 non
1031 1695 1213 1772 supersunt,
1232 1694 1266 1754 et
1282 1707 1395 1770 parum
1411 1689 1562 1752 interest:

336 1801 464 1860 constat
487 1797 572 1860 enim
595 1798 756 1863 mordicus
779 1798 810 1862 in
828 1796 1002 1879 Epicurum
1019 1797 1182 1862 Sotionem
1198 1797 1289 1862 illum
1305 1815 1377 1862 esse
1394 1797 1563 1862 invectum.

336 1903 480 1986 Namque
508 1910 600 1969 tanto
629 1905 702 1970 odio
731 1905 892 1970 hominem
919 1905 1050 1987 petivit,
1084 1911 1120 1970 ut
1147 1904 1284 1970 lascivas
1320 1911 1353 1968 et
1387 1903 1565 1985 impudicas

336 2013 491 2095 quasdam
530 2012 687 2095 epistulas
725 2033 808 2096 quae
851 2011 1157 2078 circumferebantur
1196 2013 1237 2076 ad
1276 2031 1349 2077 eum
1387 2016 1564 2076 revocaret.

337 2119 479 2184 Dioclem
504 2121 603 2201 igitur
626 2126 663 2185 nt
685 2121 816 2202 Epicuri
840 2121 1042 2186 laudatorem
1067 2121 1249 2202 exagitasse
1275 2119 1364 2185 Sotio
1388 2119 1567 2185 censendus

336 2231 395 2294 est.
433 2215 678 2293 Aliud'accedit.
716 2229 857 2294 Sotionis
874 2229 921 2293 ita
936 2229 1131 2294 mentionem
1148 2229 1178 2292 X
1194 2229 1214 2293 3
1232 2228 1359 2293 iniecit:
1379 2224 1567 2310 Διότιμος

336 2333 358 2397 δ
364 2338 378 2396 ὲ
406 2333 424 2398 ὁ
449 2335 607 2410 στωϊκδς
630 2337 793 2420 δυσμενῶς
815 2336 898 2416 ἔχων
928 2335 1009 2423 πρὸς
1040 2332 1140 2402 αὐτὸν
1164 2336 1365 2420 (Epicurum)
1389 2333 1567 2420 πικρότατα

336 2440 549 2528 διαβέβληκεν
576 2443 751 2520 ἐπιστολὰς
778 2448 885 2531 φέρων
917 2443 1113 2530 πεντήκοντα
1141 2439 1286 2523 ἀσελγεῖς
1313 2440 1354 2518 ὥς
1370 2438 1568 2528 Ἐπικούρου

336 2557 390 2614 καὶ
418 2549 435 2615 ὁ
465 2549 506 2615 τὰ
534 2554 578 2625 εἰς
613 2550 807 2639 Χρύσιππον
842 2549 1076 2639 ἀναφερόμενα
1111 2549 1279 2616 ἐπιστόλια
1315 2551 1357 2626 ὡς
1378 2547 1568 2635 Ἐπικούρου

337 2659 506 2736 συντάξας·
531 2655 630 2723 ἀλλὰ
653 2668 719 2724 καὶ
742 2659 778 2725 οἳ
802 2661 889 2747 περὶ
913 2658 1185 2725 Ποσειδώνιον
1212 2661 1282 2723 τδν
1310 2655 1474 2722 στωλκὸν
1501 2662 1568 2719 καὶ

339 2766 533 2842 Νικόλαος
547 2775 610 2831 καὶ
637 2770 791 2834 Σωτίων
813 2769 852 2833 ἐν
870 2775 919 2855 τῷ
934 2765 1152 2854 δωδεκάτῳ,
1167 2768 1227 2851 [sic
1244 2767 1476 2844 Wilamowitz.,
1500 2775 1568 2839 τοῖς

337 2872 462 2940 δώδεκα
487 2875 591 2958 codd]
616 2883 690 2940 τῶν
710 2877 1050 2963 ἐπιγραφομένων
1073 2873 1304 2938 ιΔιοκλείων
1324 2871 1518 2956 ἐλέγχων’,
1544 2868 1566 2934 δι’

338 2981 414 3046 ἐστι
438 2984 524 3068 περὶ
552 2985 645 3058 τούς
667 2985 727 3064 κδ’,
752 2985 816 3047 καὶ
844 2983 1054 3066 Διονύσιος
1077 2979 1096 3046 δ
1119 2979 1438 3067 Ἁλικαρνασεύς.
1490 2980 1567 3044 Dio·

337 3092 461 3173 nysium
490 3092 563 3156 Hal.
593 3093 775 3157 maiorem
808 3091 871 3156 dici
900 3091 1111 3156 Nietzscheus
1141 3091 1210 3155 sine
1239 3089 1437 3170 argumentis
1466 3087 1566 3152 credi-

338 3198 386 3263 dit
417 3217 477 3264 nee
506 3199 688 3289 ambiguum
721 3200 863 3280 videtur,
894 3200 927 3264 si.
956 3200 1084 3282 quidem
1112 3198 1184 3282 περὶ
1211 3197 1369 3282 μιμήσεως
1398 3197 1566 3278 disputans

338 3306 378 3371 de
407 3308 555 3388 epistulis
583 3308 648 3374 illis
679 3307 726 3372 ita
757 3308 900 3372 iudicare
934 3306 1028 3373 facile
1051 3308 1167 3389 potuit.
1216 3305 1282 3370 Nec
1310 3304 1458 3370 dissitum
1481 3303 1566 3386 quod

339 3413 389 3478 ‘de
413 3415 643 3497 compositione
667 3414 844 3481 verborum'
871 3415 976 3481 XXIV
1000 3415 1075 3498 [vol.
1100 3416 1129 3481 V
1151 3435 1182 3497 p.
1211 3415 1272 3478 188
1301 3432 1347 3495 sq.
1373 3410 1504 3496 Reiske]
1534 3414 1567 3476 et

410 3591 433 3661 ⁷)
452 3592 554 3646 Notum
582 3598 636 3658 est,
665 3598 735 3646 Δι’ων
761 3592 993 3662 hypocoristicam
1016 3590 1133 3647 nominis
1156 3592 1264 3656 Διοκλῆς
1289 3605 1347 3644 esse
1372 3588 1493 3643 formam.
1531 3586 1565 3641 cf.

340 3680 436 3737 Διἰσων
449 3714 482 3722 -
497 3684 639 3752 Λυσικλῆς
655 3681 782 3755 Ἀγάθων
796 3713 829 3722 -
841 3683 1021 3755 Ἀγαθοκλῆς
1041 3685 1135 3735 Φίλων
1150 3711 1183 3720 -
1197 3677 1327 3745 Φιλοκλῆς
1345 3682 1399 3732 κτλ.
1434 3677 1566 3733 Crederes

339 3787 372 3826 aa
390 3772 424 3827 de
443 3787 526 3827 causa
544 3771 643 3827 ceteris
661 3771 785 3826 Dioclem
808 3771 882 3826 illam
905 3771 1105 3842 praeposuisse.

414 3860 439 3932 ⁸)
457 3862 552 3916 Orinin
576 3856 623 3930 qui
642 3861 658 3933 ξ
676 3863 710 3918 68
735 3861 843 3931 saepius
869 3861 969 3917 citatur
988 3859 1159 3917 Bahnschius
1178 3876 1204 3928 p.
1224 3860 1259 3915 54
1278 3864 1307 3912 et
1326 3847 1450 3912 Zellerus
1468 3853 1521 3911 1v²
1538 3871 1565 3925 p.

341 3954 392 4008 613
404 3968 430 4006 n.
449 3953 536 4021 primo
551 3958 614 4022 post
625 3951 690 4006 Chr.
709 3969 736 4008 n.
756 3952 864 4007 saeculo
884 3951 1098 4020 adscripserunt,
1116 3948 1182 4002 irati
1200 3947 1241 4002 illi
1257 3947 1387 4016 Epicteto
1405 3945 1440 4002 ef.
1457 3945 1565 4000 dissert.

340 4041 382 4094 111
401 4044 426 4112 2,
445 4044 488 4098 75.
525 4042 563 4095 At
581 4042 727 4111 Epictetus
745 4043 814 4097 nihil
833 4048 927 4097 narrat
945 4040 998 4096 nisi
1012 4040 1107 4095 Orinin
1126 4038 1250 4108 quamvis
1263 4036 1429 4092 Archedemi
1446 4034 1565 4090 lectione

340 4131 485 4202 gloriatum
509 4132 627 4187 ridiculo
650 4132 748 4188 timore
766 4138 937 4204 peremptum
961 4147 1028 4186 esse.
1067 4129 1172 4198 Quodsi
1190 4127 1299 4184 Stoicus
1318 4126 1407 4181 Grinis
1428 4131 1478 4194 est,
1497 4123 1566 4178 nihil

340 4222 404 4278 hinc
422 4223 546 4291 sequitur
569 4222 621 4277 nisi
639 4231 702 4292 post
720 4222 919 4277 Archedemum
939 4222 974 4292 [c.
996 4223 1047 4277 140
1064 4237 1081 4276 a
1100 4219 1162 4274 Chr.
1183 4218 1216 4275 ci.
1237 4218 1327 4274 Zeller
1345 4215 1398 4270 1v2
1416 4215 1463 4286 42]
1482 4213 1566 4268 fuisse

341 4312 428 4368 illum:
448 4313 475 4368 id
495 4314 568 4382 quod
587 4329 662 4368 meae
687 4313 838 4368 sententiae
863 4328 946 4382 supra
972 4310 1111 4380 expositae
1136 4308 1243 4379 egregia
1267 4307 1404 4363 convenit.
1424 4337 1458 4344 -
1477 4303 1566 4358 crinis

341 4409 403 4472 post
422 4403 623 4459 Archedemum
643 4404 678 4474 [c.
700 4405 762 4473 140]
784 4409 812 4458 et
831 4409 893 4458 ante
912 4401 1036 4456 Dioclem
1058 4401 1094 4471 [c.
1116 4401 1237 4456 loos-40
1256 4414 1279 4454 a.
1301 4397 1364 4452 Ohr.
1383 4395 1429 4467 a.]·
1441 4396 1530 4452 vixit·
