3420 5408
1321 481 1361 548 41

138 657 287 723 similiter
309 655 394 722 idem
417 656 572 722 iudicavit
594 656 634 722 de
649 653 831 737 Euenis⁴⁰).
868 656 980 740 Neque
1003 656 1100 724 aliter
1122 659 1163 725 de
1184 659 1365 742 Sapphona

137 783 202 830 una
223 762 323 829 fuerit
345 781 386 828 an
410 764 509 846 duae,
542 764 674 846 scripsit
695 763 852 846 Nymphis
874 764 1084 847 Heracleote,
1115 767 1191 848 quia
1219 768 1366 849 poetriae

139 891 210 938 cum
233 869 368 938 Phaone
388 889 513 937 amores
536 889 600 936 non
617 868 820 954 crederet⁴¹).
860 871 910 936 Ab
924 871 1187 956 homonymorum
1208 874 1367 940 indicibus

138 979 218 1045 talia
241 983 275 1044 et
297 997 333 1044 re
357 977 532 1044 abhorrent
555 982 589 1043 et
612 978 718 1062 specie
742 981 874 1044 externa
890 978 1129 1060 dignoscuntur.
1170 981 1368 1064 Quamquam

138 1087 280 1152 indidem
303 1085 343 1151 de
366 1090 498 1152 auctore
521 1086 661 1152 indicum
685 1089 718 1151 et
740 1087 926 1168 aporiarum
941 1086 1188 1152 Laertianarum
1211 1089 1366 1156 diverso

138 1194 219 1260 nihil
243 1193 463 1277 consequitur:
489 1193 617 1258 aliunde
640 1193 762 1275 pendet
785 1193 956 1258 discrimen
980 1193 1032 1277 [cf.
1057 1214 1088 1276 p.
1115 1195 1155 1260 57
1181 1197 1253 1281 sq.].

229 1303 258 1368 3.
285 1300 486 1382 singularem
514 1301 619 1366 locum
647 1299 709 1365 sibi
736 1303 873 1381 poscunt
895 1300 1145 1384 Pythagorae
1169 1303 1367 1387 Archytae

139 1409 297 1474 Eudoxi.
337 1407 473 1474 Villae
497 1426 544 1490 sq.
568 1405 724 1488 Γεγόνασι
747 1406 782 1471 δὲ
807 1404 1048 1494 Πυθαγόραι
1074 1412 1258 1496 τέτταρες
1281 1413 1368 1499 περὶ

139 1514 230 1590 τοδς
253 1511 396 1589 αὐτοὺς
418 1513 599 1602 χρόνους,
624 1512 662 1580 οὐ
686 1515 772 1580 πολδ
796 1510 850 1580 ἀπ’
876 1510 1026 1600 ἀλλήλων
1049 1514 1240 1598 ἀπέχοντες·

185 1623 233 1698 εἷς
254 1625 314 1706 μὲν
343 1621 567 1708 Κροτωνιάτης
589 1620 779 1703 τυραννικός
802 1621 993 1707 ἄνθρωπος·

186 1734 292 1817 ἕτερος
316 1727 474 1804 Φλιάσιος
496 1726 712 1814 σωμασκητής,
737 1725 890 1814 ἀλείπτης
913 1725 954 1804 ὥς
978 1735 1061 1815 φασί
1082 1750 1180 1807 τινες·

185 1842 288 1922 τρίτος
309 1833 512 1910 Ζακύνθιος·

185 1947 335 2029 τέταρτος
365 1938 462 2017 αὐτὸς
489 1936 580 2016 οὗτος
604 1941 858 2028 [philosophus],
887 1937 924 2009 οὗ
948 1957 1050 2028 φασιν
1073 1946 1158 2010 εἶναι
1180 1944 1367 2034 τάπόῤῥητα

141 2052 197 2138 τῆς
218 2051 416 2138 φιλοσοφίας
442 2046 550 2117 αὐτῶν
578 2046 791 2126 διδάσκαλος·
821 2049 873 2138 ἐφ’
902 2046 939 2116 οὗ
967 2050 1021 2114 καὶ
1049 2051 1084 2115 τδ
1106 2047 1210 2127 Αὐτὸς
1233 2049 1300 2138 ἔφα
1323 2055 1369 2130 εἷς

141 2161 198 2226 τόν
220 2164 292 2242 βίον
314 2155 433 2243 ἦλθεν·

186 2265 224 2332 οἶ
246 2268 268 2332 δ
274 2269 289 2329 ὲ
316 2271 382 2330 καὶ
403 2264 507 2331 ἄλλον
530 2260 803 2352 ἀνδριαντοποιὸν
820 2263 966 2350 Ῥηγῖνον
986 2267 1153 2344 γεγονέναι
1176 2269 1279 2351 φασίν
1303 2272 1368 2333 Πυ-

141 2372 311 2460 θαγόραν,
342 2373 473 2459 πρῶτον
502 2373 658 2439 δοκοῦντα
686 2371 818 2458 ῥυθμοῦ
846 2371 901 2436 καὶ
930 2376 1122 2459 συμμετρίας
1151 2371 1367 2456 ἐστοχάσθαι·

142 2481 198 2547 καί
219 2481 325 2548 ἄλλον
347 2476 624 2566 ἀνδριαντοποιόν
646 2477 787 2565 Σάμιον·

186 2588 241 2652 καὶ
263 2591 372 2675 ἕτερον
395 2587 512 2675 ῥήτορα
534 2586 719 2675 μοχθηρόν·

186 2701 242 2760 καὶ
257 2693 372 2779 ἰατρὸν
387 2695 499 2776 ἄλλον,
522 2696 561 2776 τά
579 2695 652 2782 περὶ
666 2692 763 2783 κη’λης
777 2695 963 2783 γεγραφότα
982 2702 1038 2767 καί
1052 2717 1128 2762 τινα
1143 2696 1216 2784 περί
1231 2694 1368 2784 Ὁμήρου

141 2806 407 2886 συντεταγμένον·

187 2919 252 2977 καὶ
276 2915 414 2997 ἕτερον
446 2907 604 2997 Δωρικοὶ
631 2914 1052 2998 πεπραγματευμένον,
1084 2908 1131 2987 τός
1158 2911 1369 2988 Διονύσιος

142 3020 290 3107 ἱστορεῖ
310 3015 602 3104 [Halicarnasensis
626 3011 666 3093 dv¹
685 3020 729 3103 τῷ
752 3023 827 3101 περὶ
838 3015 999 3102 μιμήσεως
1022 3017 1059 3084 cf.
1085 3039 1115 3101 p.
1134 3018 1201 3104 32].

179 3123 476 3214 Ἐρατοσθένης
502 3124 539 3189 δέ
567 3140 659 3210 φησι,
687 3122 778 3188 καθὸ
802 3129 856 3187 καὶ
880 3126 1110 3212 Φαβωρῖνος
1138 3124 1176 3192 ἐν
1205 3126 1241 3215 τῇ
1269 3122 1369 3216 ὀγδόη

144 3235 362 3321 παντοδαπῆς
385 3232 523 3322 ἱστορίας
546 3236 786 3318 παρατίθεται,
815 3230 960 3297 τοῦτον
981 3234 1067 3298 εῖναι
1088 3233 1147 3299 τὸν
1168 3233 1298 3322 πρῶτον
1320 3234 1370 3301 ἐν·

141 3348 259 3423 τέχνας
280 3339 506 3407 πυκτεύσαντα
530 3339 585 3405 ἐπὶ
602 3346 656 3427 τῆς
678 3337 793 3426 ὀγδόης
813 3345 869 3403 καὶ
883 3340 1130 3427 τετταρακοστῆς
1147 3335 1371 3426 Ὀλυμπιάδος

142 3450 209 3516 κτλ.
259 3450 349 3515 Duos
378 3448 536 3529 diuersos,
573 3449 621 3513 ait
647 3447 857 3514 Nietzscheus
886 3447 979 3531 [mus.
1010 3449 1098 3515 rhen.
1123 3449 1230 3516 XXIV
1254 3449 1369 3534 [1869]

142 3577 173 3639 p.
194 3558 258 3621 194
292 3555 391 3640 sqq.],
432 3554 700 3638 deprehendimus
736 3554 993 3638 Pythagorarum
1026 3557 1163 3638 indices,
1195 3557 1280 3623 hunc
1314 3576 1370 3623 sex

143 3665 234 3729 illum
258 3668 411 3746 quattuor
431 3663 657 3729 continentem.
699 3663 822 3729 dltrum
837 3662 884 3726 ad
895 3661 1109 3730 Demetrium
1125 3662 1371 3730 revocabamus?

143 3772 301 3837 Neutrum
324 3771 353 3836 si
374 3771 454 3836 mihi
482 3775 578 3836 antea
606 3770 781 3836 credidisti.
831 3770 919 3852 Ergo
948 3772 1119 3837 concidunt
1145 3790 1227 3855 quae
1255 3792 1286 3854 p.
1306 3773 1369 3836 195

216 3984 254 4055 4⁰)
273 3984 313 4039 Cf.
331 3984 417 4054 Hurp.
440 3983 515 4055 [hinc
533 3983 643 4055 fluidas]
663 3998 684 4037 s.
703 4000 729 4038 v.
748 3979 797 4039 δόο
822 3985 851 4038 δὲ
877 3982 1085 4056 ἀναγράφουσιν
1107 3981 1226 4050 Εὖὴνους
1250 3982 1371 4056 superbo

144 4075 255 4142 ποιητὰς
279 4071 441 4147 ὁμωνύμους
466 4072 595 4142 ἀλλήλους,
621 4073 746 4146 καθάπερ
761 4075 955 4145 Ἐρατοσθένης
973 4078 1001 4128 ίν
1019 4075 1056 4146 τῷ
1078 4074 1139 4145 περί
1161 4070 1371 4146 χρονογραφιῶν

145 4167 313 4239 ἀμφοτέρους
331 4166 416 4236 λέγων
435 4169 553 4236 Παρίους
570 4167 650 4220 είναι·
669 4169 849 4237 γνωρίζεσθαι
867 4166 897 4219 δέ
916 4183 980 4235 φησι
997 4163 1042 4218 τὸν
1060 4161 1187 4234 νεώτερον
1205 4160 1299 4233 μόνον.

216 4254 255 4324 4¹)
274 4252 375 4308 Athen.
394 4253 462 4308 XIII
481 4257 553 4310 5960
573 4257 600 4316 ἐξ
613 4252 723 4326 Ἐρέσου
742 4256 771 4310 δὲ
790 4253 835 4322 τῆς
853 4256 942 4324 ἑτέρας
965 4253 1108 4326 ὁμώνυμος
1126 4251 1241 4323 Σαπφώ,
1260 4249 1307 4307 τοῦ
1323 4272 1370 4306 κα-

145 4345 193 4400 λοῦ
211 4343 328 4406 Φάωνος
356 4348 500 4416 ἐρασθεῖσα
523 4343 690 4416 περιβόητος,
716 4340 752 4404 ὥς
777 4362 842 4415 φησι
861 4342 973 4417 Νόμοις
998 4347 1027 4397 ἐν
1051 4344 1170 4414 περίπλῳ
1192 4341 1290 4403 Ἀσίας.
1327 4341 1372 4396 Ex

145 4435 289 4490 Athenaeo
308 4433 449 4503 Aelianus,
467 4439 499 4487 ut
518 4449 599 4503 saepe
619 4433 666 4505 [cf.
684 4432 790 4488 Preller
807 4431 964 4487 Polemonis
982 4431 1016 4486 fr.
1035 4448 1062 4501 p.
1084 4430 1153 4501 191].
