3432 5400
348 484 411 546 144

344 659 402 726 illo
430 659 513 726 libro
540 659 734 724 Favorinum
767 649 872 740 egisse
906 663 1055 724 statuam.
1108 643 1139 722 e*
1153 641 1270 741 quibus
1297 663 1423 725 restant
1453 659 1571 724 Anaxi·
1693 705 1694 708 ,

345 766 472 832 mandri
506 784 644 848 gnomon
681 765 859 847 Spartanus
888 765 934 848 (11
962 767 997 850 l)
1032 769 1066 831 et
1093 765 1303 847 Anaxagorae
1330 765 1572 848 Metrodorique
1693 757 1694 766 ’

346 873 454 940 studia
491 873 665 940 Homerica
699 872 745 955 (II
767 874 840 953 26),
880 872 1069 954 quibuscum
1108 870 1202 938 facile
1243 873 1447 956 coniungitur
1487 873 1573 955 quod

345 981 393 1046 IX
416 982 460 1045 34
483 987 548 1061 est,
577 980 676 1045 1124
703 977 919 1062 significatur,
952 980 1171 1046 Democritum
1201 985 1336 1063 propter
1364 981 1571 1062 simultatem,

347 1104 443 1169 qnam
473 1105 544 1152 cum
568 1087 761 1168 Anaxagora
796 1091 979 1167 exerceret,
1012 1105 1149 1168 negasse
1178 1105 1233 1152 eas
1260 1088 1301 1152 (le
1332 1089 1399 1153 sole
1433 1093 1467 1152 et
1496 1087 1573 1152 luna
1639 1133 1641 1143 .

348 1193 536 1273 sententias,
560 1211 644 1274 quae
667 1193 763 1274 vulgo
787 1199 952 1276 tamquam
967 1193 1063 1259 huius
1086 1195 1217 1259 inventa
1231 1193 1402 1275 ferrentur,
1428 1194 1468 1258 ab
1489 1194 1572 1258 Ana-

348 1317 470 1382 xagora
505 1300 609 1380 primo
644 1299 790 1381 prolatas
825 1318 906 1366 esse.
954 1299 1012 1365 sed
1039 1301 1068 1364 si
1102 1301 1299 1382 pertinacius
1340 1301 1480 1381 resistis,
1509 1319 1572 1364 non
1694 1365 1695 1374 ἶ

350 1406 515 1472 intercedo
550 1407 718 1488 quominus
751 1407 836 1472 inter
859 1405 1082 1472 miscellaneas
1116 1407 1303 1473 historiolas
1330 1407 1413 1472 hanc
1439 1405 1571 1472 referas.

350 1531 425 1579 narn
448 1514 528 1578 talia
551 1519 626 1578 sunt
649 1531 856 1597 quaecumque
879 1517 1019 1593 restant3
1051 1513 1136 1578 uude
1158 1514 1243 1579 ritas
1266 1513 1532 1596 philosophorum
1554 1531 1574 1576 a

350 1620 509 1685 Favorino
533 1625 701 1684 enarratas
717 1637 788 1686 esse
804 1637 1007 1702 nequaquam
1027 1621 1243 1703 consequitur.
1284 1621 1499 1703 Metapontini
1514 1621 1573 1702 Py-

350 1727 508 1808 thagorae
524 1728 653 1792 domum
670 1726 797 1792 Cereris
811 1726 930 1807 lanum,
948 1727 1115 1810 vicumque
1132 1729 1244 1811 inquo
1262 1729 1325 1795 sita
1342 1733 1413 1794 erat
1428 1728 1573 1792 Musenm

350 1839 468 1900 vocant
479 1833 569 1910 (VIII
579 1834 649 1917 15);
662 1833 817 1916 Diogenis
829 1833 1014 1915 tragoedias
1022 1834 1196 1917 Pasiphon,
1210 1835 1422 1919 philosophus
1431 1833 1573 1900 Eretria-

353 1960 418 2022 ονε,
442 1941 547 2025 (cuius
563 1941 671 2022 patria
687 1941 746 2008 sub
763 1946 907 2006 monstro
924 1945 1111 2008 Λουκιανοῦ
1126 1943 1222 2027 latet)
1239 1942 1408 2025 conposuit
1431 1941 1491 2024 (Vl
1503 1939 1571 2023 73);

351 2048 446 2113 Plato
469 2047 503 2113 in
526 2049 692 2131 republica
715 2048 885 2114 scribenda
907 2048 1106 2130 Protagorae
1129 2048 1229 2115 libros
1253 2049 1406 2131 compilat
1429 2046 1572 2131 (1Π57),
1695 2059 1696 2066 ’

352 2155 439 2238 quod
460 2155 494 2219 in
518 2156 657 2221 secundo
680 2155 764 2222 libro
784 2154 903 2221 lectum
925 2173 996 2221 esse
1011 2155 1165 2236 treditnr3
1190 2174 1341 2222 numerus
1362 2175 1418 2222 cur
1433 2158 1574 2220 mutetur

354 2279 451 2327 causa
473 2261 577 2343 nulla,
601 2263 695 2328 modo
720 2263 833 2328 similis
856 2261 955 2329 fuerit
978 2262 1156 2344 Omnigena
1178 2262 1329 2328 Favorini
1355 2260 1493 2328 historia
1515 2260 1576 2326 Va·

353 2369 422 2433 riae
450 2367 578 2433 Aeliani
613 2374 670 2435 aut
703 2368 969 2435 Memorabilibus
1003 2369 1164 2436 Favorini.
1216 2369 1310 2436 Plato
1343 2370 1378 2434 in
1411 2367 1576 2433 Phidiadis

356 2478 532 2559 Aeginetae
564 2476 698 2542 aedibus
726 2477 871 2542 nascitur
897 2477 1031 2564 (1113);
1067 2478 1264 2559 Protagoras
1294 2476 1385 2542 audit
1412 2474 1577 2557 Sapientia

355 2584 415 2667 (lx
432 2585 497 2668 50).
537 2585 600 2649 duo
624 2583 705 2649 scite
727 2584 815 2649 dicta
838 2589 923 2665 sunt,
948 2583 1124 2652 Carneadis
1140 2583 1287 2664 alterum,
1312 2600 1383 2648 eum
1399 2582 1576 2646 Mentorem

355 2691 465 2757 schola
489 2692 564 2758 eicit
588 2690 646 2773 (IV
663 2691 730 2772 63),
756 2691 893 2756 alterum
910 2691 1068 2774 Aristippi
1092 2691 1151 2775 (VI
1166 2692 1234 2774 25),
1251 2689 1337 2773 quod
1357 2690 1404 2756 ita
1420 2681 1577 2754 adnexum

356 2803 407 2863 est
429 2798 590 2881 excerptis
614 2797 753 2880 sylloges
775 2797 940 2863 cuiusdam
961 2796 1280 2881 apophthegmatum
1303 2802 1340 2864 ut
1362 2795 1457 2862 iacile
1481 2796 1577 2877 adpa

355 2910 428 2971 reat
462 2910 497 2971 et
522 2905 716 2972 Favorinum
750 2905 792 2970 ad
825 2923 954 2971 manum
988 2904 1088 2970 fuisse
1118 2904 1257 2986 Diogeni
1292 2909 1326 2970 et
1360 2908 1469 2970 cetera
1503 2920 1578 2983 apo·

355 3013 567 3095 phthegmata
589 3031 653 3080 non
677 3017 806 3095 sumpta
828 3031 900 3080 esse
917 3033 956 3079 ex
971 3031 1019 3078 eo.
1058 3012 1192 3078 tertium
1212 3010 1461 3094 apophthegma,
1486 3027 1578 3092 paro-

356 3120 411 3185 dia
444 3139 556 3186 rursus
583 3119 771 3201 Homerios,
807 3121 1011 3186 coniunctum
1044 3123 1096 3185 est
1129 3137 1200 3184 cum
1234 3119 1365 3186 inuento
1393 3117 1578 3183 Aristotelis

357 3244 456 3308 supra
470 3227 535 3291 iam
556 3227 677 3292 adlato.
711 3225 845 3292 Bionem
860 3221 1029 3309 aegrotum
1051 3226 1086 3292 in
1107 3225 1223 3294 lectica
1239 3226 1384 3309 seqnitur
1398 3225 1579 3306 Antigonus

357 3331 416 3416 (IV
429 3333 495 3418 54),
519 3351 590 3399 cum
614 3352 676 3416 quo
701 3334 955 3416 coniungendam
978 3333 1064 3417 quod
1088 3334 1128 3400 de
1146 3333 1361 3416 Theophrasti
1383 3331 1501 3398 lectica
1515 3335 1579 3396 tra-

358 3438 445 3504 ditur
468 3438 511 3522 (V
534 3440 601 3524 46),
636 3438 692 3505 ubi
725 3438 808 3505 liber
841 3441 992 3507 Favorini
1029 3459 1094 3506 non
1128 3441 1289 3506 indicatus
1324 3444 1383 3506 est.
1443 3439 1580 3520 denique

357 3565 455 3611 unum
471 3547 564 3628 quasi
580 3551 677 3629 caput
693 3546 836 3613 efficiunt
852 3567 891 3613 ea
906 3566 988 3630 quae
1005 3548 1045 3614 de
1061 3547 1302 3614 accusatoribus
1317 3543 1580 3629 philosophorum

358 3659 442 3734 sunt,
471 3653 645 3736 Polyeucto
675 3654 817 3720 Socratis
851 3655 977 3738 (1178)
1007 3655 1226 3720 Charmandro
1254 3653 1399 3719 Platonis
1428 3651 1490 3735 (111
1516 3653 1578 3736 19),

358 3761 550 3844 Demophilo
577 3762 764 3827 Aristotelis
788 3762 831 3844 (V
855 3763 889 3842 5)
917 3762 1082 3828 Demetrio
1110 3762 1292 3828 Poliorceta
1313 3759 1472 3826 Demetrii
1498 3757 1580 3824 Pha

357 3866 439 3934 lerei
462 3868 505 3950 (V
529 3869 595 3948 17).
649 3869 796 3934 adscribo
820 3870 860 3935 de
883 3869 1019 3934 Platone
1042 3870 1142 3936 verba
1167 3869 1253 3950 ipsa,
1283 3872 1321 3934 ut
1348 3866 1521 3948 intellegas
1546 3871 1579 3930 te

358 3975 507 4059 (ducibus
523 3975 652 4058 quidem
668 3976 755 4060 aliis)
777 3977 938 4043 incautius
962 3977 1069 4064 egisse
1091 3994 1162 4043 cnm
1184 3975 1286 4042 multa
1308 3980 1407 4059 atque
1429 3975 1510 4041 adeo
1534 3975 1580 4040 in-

358 4088 484 4165 tegram
518 4081 671 4149 itinerum
698 4083 936 4151 Platonicorum
970 4084 1190 4150 narrationem
1217 4083 1375 4150 Favorino
1410 4083 1579 4150 tribueres.

358 4189 576 4277 Χάρμανδρος
590 4189 845 4277 Χαρμανδρίδου
860 4188 1031 4279 ἐγράψατο
1047 4188 1134 4276 αὐτῷ
1149 4189 1242 4274 δίκην
1256 4186 1407 4256 θανάτου
1422 4191 1507 4253 κατὰ
1524 4188 1581 4254 τὸν

359 4298 440 4383 παρ’
462 4291 571 4372 αὐτοῖς
597 4299 740 4363 τεθέντα
761 4295 875 4383 νόμον,
902 4298 961 4364 τὸν
988 4297 1118 4385 πρῶτον
1144 4292 1307 4379 ἐπιβάντα
1328 4293 1523 4383 Ἀθηναίων
1544 4296 1581 4384 τῇ

360 4400 445 4491 νήσῳ
468 4405 601 4490 ἄκριτον
623 4400 857 4491 ἀποθνήσκειν.
897 4401 951 4490 (ἦν
973 4406 1013 4470 δ’,
1031 4401 1127 4480 αὐτὸς
1149 4401 1167 4469 ὁ
1191 4408 1265 4478 θεῖς
1281 4401 1341 4469 τὸν
1361 4401 1465 4486 νόμον
1486 4402 1581 4468 naeu
