3420 5408
1362 521 1382 584 9

153 694 320 776 scriptoris
348 697 459 776 spreta
487 692 600 760 Ooheti
630 696 768 777 quadam
798 694 1076 759 emendatiuncula
1104 695 1184 760 haec
1215 697 1383 762 constituit

153 802 379 868 Nietzschous:
404 801 465 866 VII
488 801 530 866 48
555 801 591 867 ἐν
612 798 672 866 οὖν
695 813 761 877 τοῖς
783 802 921 884 λογικοῖς
943 799 1047 864 ταῦτα
1070 826 1102 866 τε
1125 803 1172 886 [τε
1188 804 1249 868 del.
1269 805 1382 889 Cobet]

153 905 262 984 αὐτοῖς
289 910 382 974 δοκεῖ
403 909 465 986 [sio
487 908 605 990 Cobet,
635 910 741 974 δοκεῖν
765 909 871 993 codd]
895 908 1145 994 κεφαλαιωδῶς·
1170 916 1223 974 καὶ
1246 919 1302 978 ἵνα
1329 919 1384 976 καὶ

154 1015 236 1084 κακοὶ
262 1021 357 1104 μέρος
372 1019 513 1101 εἴπωμεν
536 1017 697 1101 [εἴποιμεν
720 1018 826 1102 codd]
850 1021 905 1080 καὶ
926 1015 1014 1100 τάδε,
1038 1014 1120 1103 ἅπερ
1143 1014 1251 1084 αὐτῶν
1266 1022 1312 1094 εἰς
1325 1018 1384 1106 τὴν

153 1127 365 1210 εἰσαγωγικὴν
388 1130 482 1191 τείνει
505 1129 631 1211 τέχνην,
661 1130 717 1189 καὶ
745 1121 829 1191 αὕτα
860 1123 913 1188 ἐπὶ
936 1127 1049 1203 λέξεως
1073 1129 1184 1211 τίθησι
1207 1127 1343 1211 Διοκλῆς
1366 1125 1383 1192 ὁ

154 1230 289 1318 Μάγνης
308 1232 344 1297 ἐν
367 1233 404 1321 τῇ
426 1233 579 1322 ἐπιδρομῇ
603 1233 667 1299 τῶν
691 1233 885 1318 φιλοσόφων
908 1232 1011 1311 λέγων
1033 1230 1144 1308 οὕτως·
1169 1233 1294 1324 ἀρέσκει
1317 1245 1385 1310 τοῖς

156 1350 301 1414 στωικοῖς
323 1339 387 1406 κτλ.
429 1341 511 1418 Quid
528 1343 673 1424 apertius
690 1377 730 1388 -
749 1342 796 1406 ait
811 1339 1021 1407 Nietzscheus
1039 1377 1077 1386 *
1097 1359 1192 1422 quam
1208 1341 1383 1422 Laertium,

155 1450 183 1514 si
206 1448 311 1514 Diocli
333 1447 387 1512 καὶ
410 1447 489 1512 τάδε
512 1468 546 1514 se
570 1449 687 1514 debere
711 1448 897 1531 profitetur,
923 1448 986 1512 iam
1010 1447 1075 1512 alia
1098 1467 1137 1512 ex
1161 1450 1272 1530 eodem
1295 1449 1384 1516 fonte

155 1561 252 1622 antea
274 1557 443 1622 hausisse?
489 1557 540 1621 Ita
565 1559 649 1622 enim
674 1576 746 1622 esse
769 1555 1061 1638 interpretandum:
1093 1557 1138 1620 Ut
1157 1554 1256 1620 etiem
1274 1556 1384 1642 porte}

84 1705 86 1710 ·
155 1662 288 1728 eulore'o
306 1664 506 1746 reseramus,
524 1663 659 1729 Diocles
672 1666 818 1748 Magnes
835 1663 873 1728 ιἰι
883 1663 1158 1748 phelosopleoerem
1168 1663 1385 1749 percursione

155 1770 254 1836 etaiam
284 1773 371 1843 leaeo,
402 1793 487 1856 qaae
513 1773 561 1835 ad
585 1777 690 1836 ortem
716 1772 773 1854 [=
795 1770 1038 1857 compendium]
1066 1771 1250 1856 quadrant,
1284 1793 1385 1857 eoque
1480 1841 1481 1846 ,

156 1878 232 1944 item
260 1880 307 1942 ad
333 1879 467 1942 verbum
496 1877 552 1943 hes
579 1878 685 1942 verbis
713 1901 796 1942 usus
818 1877 926 1964 ponet.
974 1879 1061 1956 Quae
1089 1879 1189 1960 igitur
1217 1881 1383 1961 speciatim

156 1989 195 2052 de
231 1987 336 2069 logica
366 1987 545 2052 Stoicorum
580 1987 782 2066 adferuntur,
819 1986 859 2050 de
888 1987 1000 2051 Diocle
1033 1987 1074 2051 ad
1108 1987 1240 2052 verbum
1276 1993 1385 2053 censet

156 2095 356 2177 deprompta.
409 2094 523 2160 Eidem
560 2093 625 2158 alia
658 2094 723 2157 iam
758 2099 855 2158 antea
887 2113 921 2158 se
955 2094 1103 2160 debuisse
1137 2094 1243 2175 ipsum
1278 2095 1384 2160 dicere

156 2204 336 2269 Laertium:
377 2202 455 2284 quid
493 2201 702 2267 verisimilius
740 2219 835 2282 quam
875 2220 914 2265 ea
948 2221 1030 2283 quae
1066 2202 1245 2266 Stoicorum
1280 2202 1386 2284 logica

157 2307 240 2374 κατὰ
274 2313 370 2393 μέρος
405 2309 613 2389 antecedunt,
650 2309 670 2372 i.
697 2328 723 2373 e.
756 2308 861 2390 logica
895 2309 1125 2393 κεφαλαιωδῶς
1160 2314 1199 2374 et
1233 2311 1385 2375 stoicae

157 2417 441 2499 philosophiae
463 2416 728 2498 partitiones?
751 2417 851 2497 quue
876 2435 913 2480 eo
937 2415 1039 2481 voluit
1062 2417 1273 2498 comprobari,
1298 2419 1383 2500 quod

158 2514 261 2590 eidem
286 2529 434 2590 auctores
457 2525 491 2588 in
513 2523 625 2604 logicis
649 2523 843 2605 specialibus
871 2529 1109 2605 comparerent,
1139 2544 1218 2606 quos
1247 2526 1385 2607 scriptor

157 2634 368 2716 partitionum
395 2633 607 2711 nominasset,
638 2630 834 2712 Chrysippus
858 2631 1075 2698 Archedemus
1098 2632 1260 2714 Diogenes
1283 2633 1386 2715 Baby-

158 2743 263 2807 lonius
287 2740 393 2806 Driuis
417 2739 632 2822 Apollodorus
658 2739 848 2804 Posidonius
878 2739 1009 2822 eiusque
1040 2740 1188 2823 discipuli
1216 2742 1387 2823 Antipater

158 2847 301 2914 Boethus
329 2846 487 2912 Phanias:
516 2847 603 2912 ultra
630 2847 794 2912 Posidonii
823 2847 998 2928 discipulos
1026 2849 1057 2912 in
1089 2853 1205 2912 neutra
1229 2868 1387 2914 commen-

159 2957 283 3021 tatione
306 2955 501 3036 proceditur.
550 2955 640 3020 Adde
663 2955 750 3037 quod
773 2955 806 3018 iu
834 2954 1037 3020 nonnullis
1066 2953 1178 3036 figuris
1209 2956 1386 3021 dialecticis

159 3066 264 3146 ipsum
280 3063 402 3128 Dioclis
418 3081 534 3128 nomen
550 3067 740 3144 usurpatum
756 3067 816 3141 est,
841 3062 929 3127 velut
952 3064 970 3144 ἕ
988 3067 1005 3126 7
1010 3063 1028 3125 5
1054 3062 1088 3150 ζῇ
1107 3062 1254 3146 Διοκλῆς.
1293 3065 1386 3130 Unde

158 3171 324 3236 [laertium
347 3170 427 3235 talia
451 3171 595 3252 potuisse
620 3171 787 3234 desumere
811 3171 874 3234 nisi
903 3171 942 3234 de
971 3171 1042 3251 ipso
1066 3171 1199 3235 Diocle?
1246 3170 1386 3254 Cumque

158 3281 227 3346 veri
258 3281 301 3344 sit
330 3278 485 3344 dissimile
509 3279 653 3344 Dioclem
682 3279 939 3360 praetermisisse
969 3278 1148 3343 Stoicorum
1176 3279 1216 3343 de
1244 3279 1387 3346 moribus

160 3389 263 3470 deque
286 3393 403 3452 natura
426 3387 573 3466 decreta,
604 3405 685 3468 quae
717 3387 889 3467 diligenter
917 3389 1097 3466 pertractat
1119 3385 1278 3465 Laertius,
1303 3388 1386 3452 unde

160 3497 240 3560 haec
256 3513 327 3560 esse
344 3500 473 3576 sumpta
489 3495 551 3560 nisi
567 3496 606 3559 de
623 3495 693 3576 ipso
710 3494 846 3559 Diocle?
881 3491 975 3577 ρειαί
987 3490 1077 3555 enim
1088 3497 1105 3554 9
1135 3493 1194 3556 An
1210 3492 1386 3558 Laerte'nm

160 3604 300 3667 eundem
311 3603 446 3688 sonam
469 3625 565 3688 quem
589 3603 682 3665 modo
698 3603 902 3664 exhauserat
913 3599 987 3665 sine
1003 3600 1075 3664 ullo
1089 3621 1190 3664 causo
1206 3600 1388 3666 deseruisse

157 3715 341 3796 putemus?
379 3711 512 3774 Porum
527 3731 607 3774 sone
622 3715 670 3772 est
683 3707 875 3779 vercse'rne'le,
894 3705 1069 3770 Loerlc'um
1086 3713 1206 3770 eeteros
1220 3707 1388 3774 doclec'nae

160 3816 277 3882 storeae
299 3822 412 3902 partes
439 3818 479 3880 ob
506 3816 574 3880 oleo
603 3815 762 3901 scriptore
789 3811 1034 3900 deprompsisse,
1071 3815 1110 3877 ab
1142 3812 1211 3878 aleo
1241 3813 1384 3888 ίενίιιινι,

161 3946 236 3988 eum
260 3923 373 3988 laceret
393 3945 468 3988 eum
492 3923 556 4008 μοι’
575 3926 662 3988 duos
685 3923 764 3988 illos
780 3920 939 4009 praebuit
960 3921 1004 3986 ιἰι
1021 3921 1119 3986 tertre
1142 3944 1269 4007 qnoque
1283 3921 1386 4008 sequi.

161 4030 319 4116 Denique
335 4029 427 4095 illud
438 4054 503 4117 quo
509 4038 605 4116 poeto
620 4029 819 4116 expleantur,
836 4031 926 4115 quod
940 4027 1100 4094 Laertem
1115 4051 1156 4092 ree
1172 4052 1239 4093 uno
1254 4029 1387 4114 quedem

161 4140 228 4203 loco
243 4135 328 4202 eleos
337 4142 472 4223 praeter
487 4136 762 4222 Dcoclemfontes
777 4136 947 4201 indecenti.
980 4137 1059 4202 Inde
1075 4137 1266 4203 Nietzscheo
1283 4138 1387 4204 iudice

162 4246 369 4327 consequitur
402 4249 506 4310 totam
540 4246 580 4312 de
609 4247 789 4312 Stoicorum
824 4246 984 4328 dogmatis
1018 4247 1319 4311 commentationem
1347 4247 1387 4312 de

162 4355 274 4421 Diocle
297 4353 435 4420 duxisse.
483 4353 526 4418 Et
554 4355 702 4437 quoniam
731 4356 765 4420 in
793 4355 933 4436 capitum
961 4354 1206 4419 Laertianorum
1236 4354 1339 4420 indice
1369 4375 1388 4420 a

163 4463 232 4528 Val.
251 4463 355 4527 Rosea
373 4460 425 4545 [cf.
443 4461 552 4530 Herm.
570 4464 586 4528 Ι
604 4483 635 4545 p.
654 4465 719 4528 370
736 4463 820 4547 sqa]
844 4463 1047 4544 promulgato
1064 4461 1234 4543 Aristonis,
1258 4463 1385 4546 Herilli,
