3420 5408
363 499 404 565 52

360 677 437 744 bibl.
463 676 532 743 cod.
559 675 647 760 161].
673 711 712 722 —·
738 675 860 742 lterum
884 675 1048 742 dissentio.
1096 673 1225 742 Etenim
1253 675 1409 757 peculiari
1437 675 1594 741 instituto

360 785 552 852 Favorinum
576 783 616 849 de
638 782 777 848 inventis
800 782 906 865 egisse
928 800 988 850 nec
1009 781 1150 849 traditur
1172 800 1232 849 nec
1254 782 1511 850 demonstratum
1526 787 1592 848 est.

361 893 444 972 Quin
459 897 497 958 ut
512 891 661 958 Laertius
676 890 724 955 ita
739 889 916 957 Favorinus
939 892 982 957 ad
1004 890 1135 958 inventa
1158 890 1324 956 occasione
1349 890 1459 957 oblata
1480 891 1594 974 potuit

360 1001 508 1068 deverti?
554 999 649 1066 certa
679 999 769 1066 locus
795 999 851 1066 ille
879 998 1046 1066 Gellianus
1073 999 1121 1065 ita
1149 999 1269 1082 optime
1299 999 1481 1082 expeditur,
1511 999 1593 1082 quia

359 1110 483 1192 primus
511 1107 754 1191 grammaticus,
782 1105 878 1172 homo
905 1125 969 1174 non
997 1105 1163 1189 ignobilis,
1187 1105 1407 1188 Praniphanes
1429 1106 1592 1190 Dionyso-

360 1216 475 1298 phanis
504 1215 718 1299 Mytilenaeus
753 1213 805 1299 [ci.
831 1213 1005 1280 Clementis
1032 1219 1143 1280 strom.
1167 1231 1199 1296 p.
1221 1214 1282 1279 133
1312 1212 1413 1298 Sylb.]
1447 1219 1482 1280 et
1515 1215 1590 1296 ipse

359 1323 494 1391 tractari
528 1323 573 1388 ibi
607 1322 739 1405 potuit
773 1341 792 1386 a
819 1321 989 1389 Favorino.
1041 1321 1146 1400 Quid?
1181 1320 1267 1404 quod
1293 1319 1351 1385 illa
1384 1320 1591 1386 inventorum

360 1431 453 1496 sedes
481 1447 683 1514 nequaquam
718 1447 789 1496 cum
816 1429 1051 1496 Nietzscheano
1085 1427 1233 1511 congrunt
1267 1427 1501 1509 dispositione?
1553 1428 1590 1495 Si

361 1537 446 1604 enim
468 1537 581 1619 primis
604 1555 661 1604 sex
674 1537 774 1603 libris
797 1537 929 1604 inventa
951 1535 1078 1603 omnio
1099 1536 1186 1602 inter
1208 1553 1244 1602 se
1264 1535 1434 1602 coniuncta
1447 1536 1588 1618 inerant,

360 1644 519 1728 quomodo
543 1645 671 1712 evenire
693 1645 814 1727 potuit,
842 1650 880 1710 ut
901 1644 961 1710 bis
985 1662 1024 1710 ex
1047 1649 1185 1710 octavo
1208 1643 1292 1710 libro
1316 1679 1360 1692 -
1382 1645 1589 1729 Pythagorae

361 1752 428 1818 soil.
459 1757 493 1819 et
519 1751 664 1818 Platonis
688 1788 730 1800 -
761 1748 979 1834 adferrentur,
1009 1753 1042 1818 in
1071 1751 1186 1834 quibus
1215 1755 1289 1834 περὶ
1317 1748 1494 1838 ὁμωνύμων
1523 1753 1590 1818 dis-

359 1864 509 1942 putatum
537 1857 609 1924 esti
661 1857 772 1940 Neque
803 1877 844 1926 en
870 1859 993 1926 duobus
1023 1856 1120 1925 Gellii
1149 1857 1303 1940 exemplis
1329 1857 1589 1942 Pythagorarum

361 1972 395 2033 et
417 1968 650 2050 Hippocratum
677 1983 737 2048 pro
767 1971 854 2033 certo
882 1965 1079 2033 adfirmarim
1103 1984 1258 2031 summam
1279 1964 1435 2033 librorum
1458 1967 1589 2032 illorum

360 2077 393 2142 in
420 2075 683 2159 homonymorum
711 2073 905 2140 discretione
933 2074 1030 2139 sitam
1057 2071 1166 2139 fuisse.
1195 2108 1239 2120 -
1266 2073 1313 2139 Ac
1338 2092 1379 2140 ne
1408 2075 1455 2154 in,
1470 2075 1590 2141 ceteris

360 2184 488 2268 quidem
513 2181 617 2249 Gellio
646 2181 779 2246 nimium
806 2181 978 2248 tribuatur.
1026 2181 1156 2247 Etenim
1183 2181 1268 2264 quod
1296 2181 1408 2248 ordine
1438 2181 1588 2248 Gelliauo

360 2289 498 2357 confisus
521 2289 622 2356 libros
644 2289 902 2356 XVHI—XXIV
925 2307 978 2356 res
1002 2287 1234 2373 geographicas
1258 2290 1454 2356 continuisse
1477 2289 1589 2356 Nietz-

360 2398 474 2464 soheus
518 2397 640 2479 posuit,
684 2403 797 2479 aperto
837 2397 993 2480 Stephani
1023 2396 1220 2467 itestimonio
1262 2396 1468 2480 redarguitur
1505 2417 1531 2463 s.
1554 2417 1586 2462 v.

364 2502 561 2592 Τετράπολις
587 2509 642 2590 τῆς
668 2499 864 2589 Ἀττικῆς..
890 2503 921 2571 οἳ
948 2502 1106 2592 οἰκήτορες
1138 2503 1350 2592 Τετραπολετς
1380 2503 1436 2568 καλ
1466 2507 1588 2592 Τετρα-

360 2612 503 2694 πολΐται,
529 2608 575 2688 ὥς
598 2613 831 2699 Φαβωρλνος
854 2609 896 2677 ἐν
918 2610 1055 2702 πρώτῳ
1077 2613 1344 2698 παντοδαπῆς
1366 2609 1461 2700 ὕλης
1484 2612 1589 2680 ἱστο-

360 2722 471 2806 ρικῆς.
518 2720 586 2786 lom
610 2720 638 2785 si
661 2738 758 2785 unum
781 2719 861 2785 illud
890 2738 929 2786 ex
953 2719 1240 2804 geographumenis
1263 2718 1479 2803 fragmentum
1502 2723 1589 2805 quod

361 2831 450 2894 certo
478 2825 561 2893 libro
590 2827 753 2893 addictum
782 2828 916 2894 sitnon
946 2847 985 2893 ex
1015 2845 1071 2894 sex
1100 2827 1223 2894 ultimis
1251 2825 1411 2910 adfertur,
1448 2829 1520 2912 quis
1547 2847 1587 2894 co

359 2935 515 3016 procedet
537 2935 787 3018 imprudentiae,
811 2939 848 3000 ut
871 2934 1123 3002 Nietzscheanae
1146 2936 1201 3002 isti
1224 2936 1426 3003 ratiunculae
1449 2935 1589 3020 amplius

360 3043 514 3126 plaudat?

453 3154 482 3218 1.
506 3151 572 3217 Aut
605 3150 706 3234 igitur
739 3151 868 3217 omnino
896 3149 1019 3217 nullum
1047 3147 1244 3235 παντοδαπῆ
1273 3147 1401 3238 {scopia
1430 3187 1474 3199 -
1504 3151 1588 3216 sicut

361 3253 683 3344 ἀπομνημονεύματα
711 3295 754 3306 -
782 3258 896 3324 habuit
924 3258 1068 3324 ordinem
1096 3263 1154 3323 aut
1180 3257 1295 3340 talem,
1331 3277 1394 3341 quo
1429 3257 1520 3325 vana
1554 3263 1588 3323 et

361 3365 508 3447 dispersa
531 3365 677 3432 doctrina
700 3364 792 3448 quasi
814 3365 940 3432 vinculo
964 3365 1173 3447 coniungeret
1214 3413 1221 3431 .

452 3473 481 3538 2.
508 3471 689 3555 Stephanus
718 3471 792 3556 Byz.
818 3491 843 3540 s.
867 3470 1117 3558 1.”Αργιλος·
1147 3472 1242 3548 πόλις
1272 3472 1401 3560 Θρηίκης
1434 3468 1478 3548 οἷς
1504 3473 1588 3538 Θου-

361 3578 490 3666 κυδίδης
512 3578 536 3644 a'
562 3585 617 3645 sai
633 3582 869 3667 Φαβωρῖνος
890 3580 932 3646 ἐν
953 3581 1245 3658 παντοδαπατς·
1270 3580 1442 3668 ινΑρμιλος·
1466 3578 1485 3665 ῆ
1507 3579 1589 3668 πρὸς

360 3687 405 3774 τῷ
431 3684 593 3774 Στρυμόνι
621 3690 758 3775 ποταμῷ
785 3685 895 3763 πόλις·
924 3685 1105 3775 ολνομολσθη
1135 3688 1172 3753 δὲ
1206 3685 1418 3775 dipsadas-risui
1450 3689 1589 3774 Θρᾳκῶν

362 3790 380 3858 δ
392 3793 453 3877 μῦς
464 3791 595 3879 ἄργιλος
607 3795 764 3872 καλεῖται,
779 3792 991 3860 σναπτόντιον
1002 3796 1039 3860 δὲ
1050 3797 1096 3872 εἰς
1106 3795 1143 3861 τδ
1155 3794 1329 3879 θεμελίους
1339 3796 1589 3878 καταβαλέσθαι

361 3905 486 3987 πρῶτος
506 3900 569 3984 μῦς
591 3903 711 3989 ὤφθη.
758 3902 813 3968 En
836 3903 1107 3986 lexicographi
1130 3903 1265 3970 verbal

451 4009 481 4076 3.
507 4008 690 4092 Stephanus
713 4010 788 4094 Byz.
813 4029 838 4076 s.
863 4029 892 4076 v.
911 4005 1196 4098 Ἀλεξανδρεία
1220 4061 1252 4078 ..
1277 4013 1513 4099 Φαβωρῖνος
1547 4011 1588 4078 ἐν

361 4118 412 4203 τῷ
438 4117 527 4202 περὶ
549 4117 801 4202 Κυρηναϊκῆς
827 4114 1289 4206 πόλεωςἈλιξανδροιώτην
1316 4118 1395 4204 φησὶ
1417 4115 1510 4206 παρὰ
1531 4115 1588 4202 τῆν

362 4223 522 4308 [excidere
553 4224 684 4308 cetera}
739 4224 813 4291 Sola
840 4225 991 4292 Favorini
1026 4227 1195 4310 omnigena
1227 4213 1376 4293 historia
1392 4226 1490 4308 idque
1518 4245 1586 4292 sae·

361 4332 494 4413 pissime
518 4332 599 4398 scito
616 4331 814 4414 Stephanum
837 4351 909 4398 esse
931 4352 1033 4399 usum.
1073 4333 1141 4398 lam
1164 4353 1240 4400 vero
1256 4333 1412 4416 singulari
1428 4333 1586 4399 volumine

363 4439 402 4503 de
419 4438 543 4522 Oyrcna
566 4439 646 4506 urbe
670 4441 775 4523 egisse
791 4440 985 4508 Favorinum
1001 4440 1071 4506 iure
1086 4457 1179 4508 nemo
1195 4460 1336 4525 unquam
1353 4441 1498 4507 credidit.
1537 4441 1586 4507 Ad
