3432 5400
1300 513 1362 577 127

134 687 236 772 sychii
261 689 435 756 cohaerent
457 689 608 772 indiculo,
633 695 670 756 ut
693 690 734 755 ad
758 691 893 756 eundern
916 689 1129 774 biographum
1152 691 1222 756 iure
1243 697 1366 756 utrum·

133 817 196 879 que
220 797 358 862 referret
380 799 575 864 Lobeckius:

455 903 617 972 Hesychius.
964 907 967 973 l
1079 903 1202 957 Clemens
1219 903 1238 956 l.
1258 918 1282 954 c.

445 990 537 995 .-—
543 991 548 996 .
553 989 776 996 ...-..-....-
787 991 939 1004 .,,,...-..,-
1047 989 1213 995 -.—.--
1230 990 1278 995 --

133 1012 261 1098 ἔγραψε
284 1013 470 1096 τριαγμοάς·
496 1014 647 1092 λέγονται
670 1013 705 1076 δ’
729 1016 815 1076 εἶναι
829 1015 938 1088 Ἴωνος
970 991 1215 1097 ..Ὀνομάκριτος
1238 989 1365 1097 diluis

132 1126 191 1182 τοῦ
227 1122 395 1203 τραγικοῦ·
432 1117 467 1184 ἓν
495 1120 531 1182 δὲ
566 1121 690 1196 τούτοις
725 1117 765 1182 τά
800 1118 936 1204 ίεροστο·
993 1131 1085 1194 ναΐας
1107 1113 1147 1182 ori
1169 1118 1209 1181 τά
1233 1121 1278 1192 είς
1294 1115 1365 1206 Ὀρ-

131 1223 209 1288 λικά
233 1222 429 1306 καλούμενα,
455 1226 573 1302 κλίσεις
596 1224 763 1309 κοσμικάς,
790 1249 937 1290 νεοιτευκ-
993 1231 1058 1310 (sta
1083 1222 1247 1309 φερόμενα
1273 1225 1365 1310 ποιή-

130 1332 221 1411 τικά,
248 1330 353 1416 ἱερους
375 1330 489 1410 λόγους
513 1332 549 1397 ἐν
572 1332 759 1420 ῥαψῳδίαις
782 1331 854 1396 κδ’·
891 1333 937 1395 λέ·
992 1358 1080 1416 ματα
1120 1332 1244 1410 λέγεται
1279 1335 1364 1398 είναι

130 1461 245 1515 γονται
277 1436 313 1497 δ’
343 1441 425 1502 είναι
455 1437 638 1521 Θεογνήτου)
667 1441 726 1503 τοῦ
755 1438 936 1519 Θεσσαλοῦ,
992 1439 1166 1525 εὑρίσκεται
1206 1440 1269 1504 κτλ.
1309 1442 1365 1504 τὸν

131 1541 165 1607 οἱ
197 1544 233 1605 δὲ
259 1549 428 1626 Κέρκωπος
456 1553 514 1610 τοῦ
543 1550 786 1632 Πυθαγορείου·
822 1563 936 1632 χρρσ-
991 1553 1134 1632 κρατῆρα
1162 1545 1197 1609 δὲ
1225 1548 1281 1610 τὸν
1296 1542 1365 1632 ’ορ-

131 1649 242 1734 μοάς,
283 1657 318 1714 οἳ
352 1642 573 1739 ἀναφέρονται
614 1655 659 1727 εἰς
685 1649 936 1736 Ὀνομάκριτον·
991 1658 1075 1738 (μέως
1114 1651 1274 1738 Ζωπύρου
1307 1655 1364 1718 τοῦ

131 1755 310 1831 τελετάς·
349 1754 467 1839 ὁμοίως
509 1760 548 1822 δέ
591 1775 674 1843 φασι
716 1759 771 1821 καί
815 1757 936 1834 ταύτας
985 1757 1219 1845 Ἡρακλεώτου,
1247 1761 1303 1843 τὴν
1328 1760 1364 1824 δὲ

126 1863 383 1948 Ὀνομακρίτου·
415 1866 451 1932 ἐν
479 1865 600 1942 τούτοις
629 1869 664 1931 δ’
692 1869 759 1930 ἐστὶ
786 1868 857 1953 περὶ
887 1868 935 1932 λί-
991 1864 1159 1940 εῑςἈιδου
1183 1865 1364 1950 κατάβασιν

133 1975 208 2034 θων
241 1972 379 2056 γλυφῆς,
418 1970 483 2056 ἣτις
514 1970 831 2058 Ὀγδοηκοντάλιθος
867 1974 935 2037 ἐπι·
993 1974 1154 2058 Προδίκου
1162 1977 1362 2056 τοῦΣαμίου·

136 2074 314 2161 γράιγεται·
361 2079 547 2165 σωτήρια·
593 2081 697 2145 ταῦτα
741 2082 935 2164 Τιμοκλέους
981 2082 1067 2144 Ἴων
1095 2079 1138 2144 δὲ
1162 2079 1179 2144 ὁ
1205 2085 1304 2154 Χῖος
1328 2080 1364 2145 ἐν

132 2189 190 2248 τοῦ
219 2188 417 2267 Συρακοσίου
451 2187 575 2266 λέγεται
602 2194 656 2251 καὶ
686 2194 847 2273 Περγίνου
877 2191 933 2252 τοῦ
959 2165 962 2252 i
987 2195 1054 2261 τοῖς
1095 2191 1269 2269 Τριαγμοῖς
1308 2193 1363 2249 καὶ

137 2293 312 2376 Μιλησιου·
362 2297 569 2379 κρατῆρας·
620 2295 720 2358 ταῦτα
773 2292 932 2379 Ζωπύρου
991 2290 1197 2378 Πυθαγόραν
1227 2295 1271 2366 εἷς
1293 2291 1363 2379 ’ορ-

133 2402 251 2482 φασίν·
270 2397 518 2484 θρονισμούς
532 2397 733 2486 μητρῴους
749 2407 813 2464 καὶ
829 2409 932 2464 Ban—
987 2405 1054 2483 ιμέα
1081 2397 1267 2478 ἀνενεγκεῖν
1288 2421 1361 2463 τινα

133 2505 240 2586 χικά·
279 2507 382 2568 ταῦτα
416 2512 529 2571 Νικίου
564 2510 621 2572 τοῦ
643 2504 795 2572 Ἐλεάτου
830 2509 932 2592 φασὶν
986 2505 1116 2592 ἱστορεῖ·
1160 2503 1362 2591 Ἐπιγένης

132 2617 231 2677 εἶναι·
249 2612 442 2688 εἰς”Αιδου
465 2617 697 2698 κατάβασιν·
722 2613 932 2701 ιαῖπαἭρο·
986 2615 1020 2677 δ’
1047 2615 1084 2679 ἒν
1111 2621 1178 2687 τοῖς
1206 2613 1279 2696 περὶ
1308 2614 1361 2696 τῆς

132 2721 223 2786 δίκον
267 2721 414 2805 [Lobcck
452 2729 485 2804 μζ
516 2723 600 2806 360]
638 2725 695 2786 τοῦ
732 2724 931 2807 Περινθίου·
986 2724 1032 2796 είς
1052 2718 1175 2807 Ὀρφέα
1202 2719 1361 2805 ποιήσεως

131 2827 284 2892 πέπλον
307 2835 372 2890 καὶ
388 2820 564 2894 δίκτυον·
588 2836 644 2892 καὶ
658 2836 760 2894 ταῦτα
776 2828 932 2916 Ζωπιίρου
987 2833 1154 2913 Κέρκωπος
1172 2828 1259 2891 εἶναι
1276 2828 1360 2909 λέγει

130 2937 187 2999 τοῦ
207 2932 440 3018 Ἡρακλεώτου,
470 2935 502 3000 οἳ
524 2936 562 3000 δὲ·
588 2941 779 3022 Βροντίνου·
811 2935 932 3021 ὄνομα·
985 2943 1039 3000 τοῦ
1058 2938 1288 3020 ,Πυθαγορείου
1303 2937 1360 3019 τήν

132 3040 251 3124 στικάν,
275 3042 335 3128 ἔπη
351 3057 418 3128 loo·
444 3046 630 3123 θεογονίαν,
655 3043 715 3128 ἔπη
732 3060 795 3128 αα·
820 3039 931 3127 άστρο-
986 3043 1031 3116 είς
1044 3040 1159 3104 Ἀιδου
1179 3040 1360 3121 κατάβασιν

134 3153 270 3231 νομίαν·
309 3145 528 3232 άμοσκοπίαν·
568 3147 785 3235 θυηπολικάν.
823 3145 930 3212 tiodo-
985 3145 1117 3212 καὶτὸν
1141 3145 1227 3232 ἱερὸν
1251 3145 1358 3232 λόγον,

131 3253 206 3317 τικά
230 3251 249 3338 ἢ
279 3254 477 3333 ιίοσκοπικά,
507 3254 642 3331 ε’πικῶς·
682 3255 929 3330 καταζωστικόν·
985 3254 1043 3319 τὸν
1076 3255 1112 3318 δὲ
1146 3254 1273 3320 πέπλον
1304 3263 1360 3320 καὶ

129 3359 265 3442 ὕμνους·
294 3365 525 3446 κορυβαντικὸν
549 3364 604 3427 καὶ
628 3361 756 3448 φυσικά,
782 3359 806 3426 ά
829 3370 931 3449 Βρον-
985 3360 1024 3424 τά
1037 3362 1157 3445 φυσικά
1170 3366 1357 3448 Βροντίνου.

130 3473 221 3533 τίνου
246 3474 356 3553 φασίν.

220 3575 318 3656 Origo
342 3583 442 3658 patet.
490 3578 581 3642 hdde
605 3577 689 3660 quod
714 3578 825 3641 statim
848 3583 923 3658 post
946 3576 991 3661 [p.
1012 3578 1076 3639 144
1100 3575 1262 3659 Sylburg]
1287 3576 1357 3641 (lle-

130 3700 221 3745 rncns
239 3683 277 3745 de
296 3682 425 3765 Sibyllis
442 3703 621 3748 sermonem
639 3681 744 3762 infert,
770 3703 863 3766 quern
881 3703 979 3766 supra
995 3683 1212 3747 demonstravi
1227 3682 1357 3747 fluxisse

130 3808 169 3853 ex
193 3791 306 3854 eodeni
328 3790 507 3871 biographo
532 3790 583 3873 [cf.
608 3810 639 3871 p.
663 3791 748 3873 llll.
796 3792 885 3854 Haec
908 3791 1008 3872 igitur
1031 3789 1196 3853 hactenus.

572 4072 601 4130 4.
623 4077 667 4130 lle
687 4073 927 4143 Thucydidibus.

222 4221 249 4282 l.
287 4216 403 4283 Suidae
426 4217 493 4282 vita
513 4217 706 4300 Thucydidis
729 4220 798 4284 iure
823 4219 1036 4284 contemnitur
1058 4234 1137 4298 pree
1161 4215 1353 4283 Marcellini:

128 4325 182 4388 hic
205 4324 314 4388 insunt
338 4330 488 4388 accurata
511 4344 594 4406 quae
623 4325 667 4390 ibi
695 4327 787 4390 valde
817 4325 922 4390 exilia.
970 4324 1062 4387 Unde
1090 4324 1153 4386 iste
1182 4339 1355 4387 consensus

129 4431 274 4496 evenerit
309 4432 540 4512 expediendum
571 4439 630 4497 est.
682 4433 724 4496 Et
753 4432 974 4497 Marcellinum
1009 4429 1138 4511 quidem
1171 4429 1354 4508 nuperrime
