3420 5408
1335 501 1374 564 ll

153 681 284 762 prodiit,
301 685 346 761 ut,
364 679 479 762 quibus
491 679 598 743 verbis
612 684 733 743 certam
745 677 905 759 quandam
919 695 1089 758 personam
1103 681 1215 742 auctor
1228 677 1380 759 adponat,

154 805 192 852 ea
215 789 248 852 in
271 788 388 854 librum
414 806 504 852 suam
520 788 648 867 integra
663 785 862 850 transferret.
905 785 1043 848 Totam
1067 785 1195 865 igitur
1217 785 1381 866 Epicuri

154 896 380 961 doctrinam
404 896 520 960 docte
536 894 651 958 illam
668 899 705 958 et
721 894 877 975 copiose
895 893 1117 973 expositam
1140 893 1187 957 ad
1203 893 1381 958 Dioclem

155 1021 239 1067 esse
262 1003 529 1067 revocandam.
556 1035 598 1048 -

242 1110 303 1174 Hic
326 1110 419 1192 quasi
434 1110 475 1173 ad
491 1109 714 1190 respirandum
738 1108 897 1187 substitit3
924 1109 963 1172 ad
986 1109 1050 1172 alia
1067 1109 1206 1174 animum
1224 1111 1382 1174 convert't

154 1222 188 1282 ct
210 1218 378 1282 recreavit.
424 1216 575 1281 Reiectus
598 1236 680 1282 novo
704 1235 763 1280 nec
786 1217 890 1280 minus
913 1215 1095 1280 vehementi
1118 1217 1241 1297 impetu
1264 1217 1382 1282 iterum

154 1325 376 1407 quaestionem
410 1325 597 1406 adgreditur
627 1324 720 1408 [mus.
751 1323 841 1390 rhen.
867 1324 972 1390 XXIV
1001 1323 1117 1408 [1869]
1146 1344 1167 1405 p
1200 1327 1262 1389 194
1286 1327 1379 1410 sqq.].

155 1433 238 1497 Ante
274 1434 380 1498 omnia
415 1433 559 1498 subsidia
593 1432 655 1498 sibi
691 1433 835 1514 paranda
871 1451 941 1496 esse
975 1432 1066 1496 vidit.
1120 1433 1220 1510 Quam
1255 1432 1382 1499 infirma

154 1541 293 1622 paravit!
336 1539 479 1621 Sumpsit
495 1541 579 1604 enim
596 1540 681 1621 quod
705 1541 745 1603 de
770 1539 872 1604 stoica
897 1543 930 1603 et
953 1540 1103 1620 epicurea
1126 1541 1273 1605 doctrina
1296 1542 1382 1607 idem

155 1648 194 1711 de
224 1647 347 1728 cynicat
377 1647 428 1710 cui
457 1647 660 1711 coniecturae
689 1645 785 1711 fidem
815 1646 985 1712 conciliare
1017 1648 1141 1712 studuit
1171 1667 1209 1712 ex
1237 1649 1380 1730 V1103,

154 1754 209 1820 ubi
244 1754 323 1818 haec
355 1753 486 1835 scripsit
513 1753 676 1817 Laertius:
714 1751 1035 1838 προσυπογράψομεν
1070 1753 1107 1817 δὲ
1139 1760 1195 1819 καὶ
1224 1756 1265 1818 τά
1294 1763 1383 1846 κοινῇ

154 1857 333 1947 ἀρέσκοντα
361 1857 471 1934 αὐτοῖς
500 1897 543 1906 —-
571 1857 697 1945 ἀρέσκει
727 1855 787 1926 ούν
816 1856 925 1936 αὐτοῖς
957 1899 995 1908 -
1027 1862 1081 1923 καί
1109 1859 1189 1945 ὅπερ
1220 1866 1301 1938 τινὲς
1328 1863 1384 1926 ε’πί

154 1965 351 2055 Σωκράτους,
367 1975 463 2033 τοῦτο
476 1967 639 2053 Διοκλῆς
654 1968 709 2032 ἐπὶ
721 1973 892 2048 Διογένους
908 1967 1102 2053 ἀναγράφει,
1119 1976 1233 2034 τούτου
1247 1969 1383 2054 φάσκων

155 2078 273 2154 λέγειν·
292 2077 355 2141 ιδεῖ
368 2076 470 2162 ζητεῖν
484 2074 550 2140 ὄττι
566 2097 615 2141 τοι
630 2076 666 2140 ἐν
678 2075 843 2159 μεγάροισι
860 2077 960 2142 κακόν
976 2079 1004 2140 τ’
1020 2074 1156 2156 ἀγαθόν
1171 2102 1203 2141 τε
1217 2080 1381 2144 τέτυκταί.

154 2185 262 2250 Etiam
286 2185 317 2249 in
343 2186 460 2250 ceteris
484 2184 747 2266 philosophorum
771 2186 900 2267 placitis
921 2185 1103 2251 Laertianis
1127 2192 1216 2250 certa
1232 2186 1382 2252 Diocleae

156 2293 290 2374 originis
319 2293 517 2374 deprehendi
544 2292 690 2374 vestigia.
744 2292 826 2370 Quin
861 2294 942 2358 adeo
970 2293 1091 2358 Dioclis
1126 2293 1228 2374 ipsius
1262 2293 1382 2359 fontem

155 2419 382 2482 nonnunquam
406 2401 528 2482 detegi3
558 2401 646 2465 velut
671 2401 910 2482 Apollodorum,
936 2402 1086 2482 quoniam
1110 2401 1170 2466 Vll
1196 2403 1256 2466 181
1282 2403 1382 2466 mani-

156 2507 272 2573 festum
293 2509 326 2572 in
344 2509 469 2573 Stoicos
486 2510 529 2573 sit
545 2509 651 2573 odium
676 2510 817 2574 studium
840 2528 919 2590 erga
935 2509 1125 2591 Epicureos:
1150 2510 1204 2572 καὶ
1220 2505 1382 2574 'Audito-

156 2615 258 2702 δωρος
275 2617 309 2678 δὲ
325 2612 531 2701 δ’Δθηναῒος
546 2616 627 2699 [scil.
643 2616 834 2701 Epicureus]
852 2616 888 2678 ἓν
900 2617 936 2705 τῇ
953 2617 1120 2704 συναγωγῇ
1132 2617 1197 2681 τῶν
1208 2615 1384 2698 δογμάτων

157 2722 216 2806 [=
243 2729 314 2808 περὶ
348 2725 540 2808 φιλοσόφων
575 2724 729 2808 αἱρέσεων
764 2723 801 2788 cl.
833 2725 923 2802 Diels¹
960 2726 1091 2808 doxogr.
1123 2745 1169 2807 gr.
1203 2745 1234 2806 p.
1266 2727 1307 2788 79
1336 2725 1383 2809 m]

157 2829 352 2912 βουλόμενος
363 2830 580 2915 παριστάνειν,
600 2830 648 2896 ὅτι
660 2830 702 2895 τά
713 2829 908 2915 Ἐπικούρου
921 2834 1022 2913 οἰκείᾳ
1035 2832 1171 2915 δυνάμει
1180 2837 1384 2918 γεγραμμένα

156 2938 211 3000 καὶ
238 2933 441 3020 άπαράθετα
470 2939 550 3003 ὄντα
581 2945 682 3023 μυρίην
714 2939 813 3002 πλείω
843 2938 910 3000 ἐστὶ
933 2939 997 3002 τῶν
1024 2945 1218 3022 Χρυσίππου
1242 2940 1384 3022 βιβλίων,

157 3051 254 3130 φησὶν
288 3044 389 3120 οὕτως
422 3043 501 3136 αὐτῇ
528 3047 566 3135 τῇ
595 3047 694 3126 λέξει·
727 3047 766 3110 (εί
787 3046 848 3129 γάρ
878 3069 926 3120 τις
954 3042 1072 3128 ἀφέλοι
1101 3054 1165 3112 τῶν
1193 3051 1385 3130 Χρυσίππου

156 3153 300 3236 βιβλίων,
325 3152 372 3217 δυ’
396 3153 555 3238 ἀλλότρια
578 3159 823 3236 παρατέθειται,
848 3152 940 3226 κενὸς
964 3149 1052 3237 αὐτῷ
1075 3151 1093 3218 ὁ
1114 3152 1232 3238 χάρτης
1254 3157 1384 3219 καταλε-

157 3261 329 3348 λείψεταύ·
364 3266 543 3328 καὶταῦτα
578 3267 637 3346 μὲν
672 3261 690 3326 ὃ
721 3260 991 3347 Ἀπολλόδωρος·
1027 3260 1046 3346 ἡ
1077 3262 1112 3325 δὲ
1142 3262 1382 3347 παρεδρεύουσα

158 3373 323 3455 πρεσβῦτις
347 3371 449 3456 αὐτῷ,
483 3369 525 3446 ὥς
549 3389 624 3456 φησι
649 3371 798 3454 Διοκλῆς,
824 3371 930 3450 ἔλεγεν
953 3369 995 3444 ὡς
1017 3375 1245 3444 πεντακοσίους
1266 3368 1385 3454 γράφει

156 3482 285 3558 στίχους
319 3477 512 3563 ἡμερησίους.
567 3479 648 3544 Item
685 3479 914 3560 Apollodorum
942 3480 971 3543 X
1006 3482 1046 3545 10
1081 3498 1139 3560 per
1173 3478 1317 3542 Dioclem
1352 3480 1385 3543 in

157 3585 279 3650 Laertii
313 3587 440 3650 venisse
468 3586 663 3668 farraginem
695 3585 732 3650 cl
763 3587 856 3648 καθά
888 3607 964 3671 φησι
993 3586 1048 3649 καὶ
1067 3582 1312 3667 Ἀπολλόδωρος
1342 3622 1383 3632 -

157 3689 295 3776 Διοκλῆς
319 3693 356 3770 δέ
377 3693 441 3758 κτλ.
490 3695 589 3776 Atqui
617 3696 759 3760 ciusdem
789 3695 977 3776 Apollodori
1004 3695 1125 3758 mentio
1148 3693 1164 3756 l
1189 3695 1231 3758 60
1259 3694 1306 3758 ita
1336 3695 1384 3756 in-

158 3801 277 3866 seritur
301 3812 384 3875 τοίς
407 3799 448 3862 δὲ
471 3797 703 3883 ἀνθρώποις
730 3799 1043 3882 συνεβούλευσεν
1067 3798 1187 3882 [Solo],
1217 3796 1259 3873 ὥς
1287 3819 1385 3883 φησιν

152 3906 401 3988 Ἀπολλόδωρος
430 3907 466 3970 ἐν
492 3914 537 3986 τῷ
564 3908 636 3987 περὶ
670 3907 734 3971 τοῖν
769 3905 960 3988 φιλοσόφων
991 3906 1155 3991 αίρέσεων,
1191 3904 1285 3970 τάδε’
1319 3906 1383 3972 κτλ.

157 4015 284 4098 Eadem
312 4015 364 4077 vel
389 4013 566 4078 sr'rnt'llz'ma
583 4014 745 4098 formula
774 4013 934 4078 Laertius
963 4051 1004 4060 -
1032 4014 1085 4077 υεί
1104 4011 1220 4098 βούλευε
1249 4017 1289 4074 τοί
1315 4011 1383 4076 z'am

158 4119 235 4184 licet
254 4119 361 4185 docere
383 4119 518 4185 Dzocles
540 4159 584 4168 --
608 4119 719 4184 αἰτίαν
742 4123 767 4184 I
784 4123 825 4187 87
851 4119 1081 4202 συνεβούλευσε
1112 4117 1148 4182 δὲ
1171 4115 1235 4183 ὧδε
1259 4117 1382 4205 [Brasl.

158 4229 185 4292 I
213 4230 254 4292 92
294 4225 524 4307 συνεβούλευσε
563 4228 773 4311 [cleobulus]
830 4228 965 4292 Praeter
1003 4226 1234 4308 Apollodorum
1273 4225 1305 4289 in
1344 4227 1384 4292 iis

159 4334 324 4400 Laertiani
347 4334 423 4400 libri
446 4336 593 4416 partibus
621 4354 701 4418 quas
724 4337 829 4401 Diocli
856 4336 1051 4401 vindicasset
1074 4333 1262 4399 Panaetium
1287 4332 1384 4399 Clito-

158 4441 305 4508 maehum
322 4441 518 4524 Meleagrum
532 4443 752 4524 Hippobotum
769 4443 913 4508 excitari.
942 4443 1088 4524 Denique
1104 4441 1207 4507 utitur
1224 4460 1272 4522 ea,
1289 4442 1318 4506 si
1334 4442 1383 4508 dis
