3432 5400
278 667 401 723 Clemens
422 667 519 724 Strom.
539 669 561 722 1.

118 783 377 872 Περιάνδρου
422 785 595 874 τυγχάνειν
635 787 710 870 βού-

116 891 250 956 λονται·
277 970 287 983 ¹

117 996 241 1082 ὁμοίιος
257 999 292 1063 δὲ
307 999 364 1085 τήν
380 1003 497 1081 ιγνῶθι
511 997 633 1086 καιρόν’
648 1024 710 1063 πα-

118 1111 268 1190 ραίνεσιν
278 1110 476 1173 Πιττακοῦ
487 1104 709 1170 καθεστάναι·

117 1213 138 1294 §
154 1215 196 1277 62
214 1210 368 1277 ἀλλὰκαὶ
381 1213 513 1298 Θαλής
528 1211 570 1288 ὡς
583 1215 709 1278 Λέαν-

119 1320 215 1405 δρος
244 1327 298 1384 καὶ
318 1319 525 1403 Ἡρόδοτος
551 1318 710 1402 ἱστοροῦσι

118 1429 240 1505 Φοῖνιξ
262 1425 312 1513 ήν,
337 1427 379 1502 ὡς
400 1427 438 1490 δέ
457 1449 560 1500 τινες
581 1424 710 1509 ὑπειλή-

118 1553 206 1617 φασι
230 1535 403 1619 Μιλήσιος·

120 2066 225 2150 μόνος
252 2062 346 2144 οὗτος
368 2067 543 2142 δοκεῖτοῖς
564 2074 627 2132 τῶν
650 2066 712 2129 Αλ-

120 2179 268 2255 γυπτίιον
313 2172 495 2258 προφήταις
535 2172 710 2258 συμβεβλή-

120 2285 230 2360 κέναι·
262 2279 454 2356 διδάσκαλος
476 2282 505 2345 δ’
531 2279 630 2345 αὐτοῦ
659 2275 711 2346 οὗ·

119 2390 188 2462 δεῖς
212 2384 450 2473 οἷναγροίφεται,

1285 501 1351 564 109

972 671 1100 726 Laertius
1119 671 1140 724 I.

764 786 780 851 I
805 789 846 852 99
871 787 1067 872 [Periandri]
1099 786 1213 854 τούτου
1247 789 1350 854 ἐστίν·

764 893 877 979 μελέτη
899 892 938 960 τδ
963 901 1047 960 πᾶν·

764 1001 780 1065 Ι
804 1003 846 1066 79
871 1001 1017 1088 [Pittaci]
1046 997 1254 1089 ἀπόφθεγμα
1280 1001 1351 1067 sod·

764 1127 836 1173 του·
861 1107 985 1194 *καιρδν
1007 1109 1139 1188 γνῶθι]

765 1214 847 1279 122
876 1211 915 1299 ήν
945 1220 1053 1281 τοίνυν
1080 1211 1099 1279 ὁ
1127 1217 1273 1301 Θαλῆς,
1310 1215 1352 1290 ὥς

764 1323 826 1404 μὲν
860 1319 1074 1407 Ἡρόδοτος
1111 1321 1177 1386 καλ
1212 1328 1352 1409 Δοῦρις

766 1428 831 1492 καλ
871 1426 1116 1514 Δημόκριτός
1154 1447 1264 1515 φασιν,
1311 1431 1352 1494 ἔκ

766 1536 831 1600 τῶν
855 1535 1015 1621 Θηλιδοίν,
1044 1544 1077 1601 ολ
1102 1538 1165 1600 τίσι
1193 1537 1352 1618 Φοίνικες,

765 1641 859 1706 καθά
883 1641 938 1706 καὶ
959 1641 1124 1708 Πλάτων
1140 1649 1238 1729 φησίν
1255 1695 1284 1709 ..
1310 1643 1353 1719 ὥς

767 1748 795 1811 δ’
821 1747 858 1812 ολ
880 1749 1040 1824 πλείους
1068 1749 1353 1834 peristromata

767 1855 927 1938 Μιλήσιος
961 1850 1003 1940 ήν
1037 1862 1093 1921 καὶ
1125 1861 1238 1936 γένους
1273 1857 1353 1942 λαμ·

765 1965 864 2046 προῠ·

767 2064 871 2141 οὐδεὶς
883 2068 913 2132 δ’
931 2063 1029 2133 adseri
1045 2067 1254 2156 καθηγήσατο
1267 2070 1354 2155 πλήν

767 2172 817 2239 ὅτι
851 2177 897 2248 είς
931 2178 1104 2256 Αἴγυπτον
1135 2175 1248 2241 ἐλθών
1285 2190 1352 2250 τοῖς

767 2283 886 2370 ἱερεῦσι
908 2284 1162 2371 συνεδιέτριψεν.

120 2493 230 2581 ὥσπερ
242 2490 319 2559 οὐδὲ
329 2495 476 2578 depexo
484 2495 641 2569 δουςτοῖι
651 2499 711 2558 Συ·
765 2499 964 2580 prooemium
981 2499 999 2580 ξ
1018 2499 1058 2562 15
1070 2495 1123 2582 ¹¹⁶)

121 2606 206 2687 ρίου,
220 2596 245 2688 ᾧ
257 2600 462 2689 Πυθαγόρας
474 2598 710 2686 ἕμαθήτευσεν·

121 2711 142 2791 ξ
180 2710 221 2773 63
259 2712 376 2773 τοῦτον
414 2707 711 2794 [Anaxagoram]

122 2815 312 2896 διαδέχεται
337 2813 528 2901 Ἀρχέλαος,
568 2810 607 2878 οὗ
644 2817 712 2877 Σιο-

122 2919 242 3007 κροίτής
258 2919 437 3006 διήκουσεν·
460 2923 504 2986 ‘dx
520 2923 549 2986 δ’
567 2924 633 3007 ἄρα
648 2928 713 2987 τῶν
760 2983 762 2987 .

124 3025 278 3092 ἀπέκλινε
312 3026 449 3106 λαοξόος
479 3028 713 3113 ἐννομολέσχης
766 3033 799 3098 Π
824 3035 874 3097 19.

120 3135 285 3219 Ἑλλήνων
319 3133 479 3208 ἓπαοιδός’
525 3134 543 3199 ὃ
585 3140 713 3219 Τίμων

125 3243 244 3329 φησὶν
278 3243 319 3308 ἓν
350 3253 435 3318 ’τοῖς
462 3241 625 3314 Σίλλοις
655 3241 711 3306 διὰ
795 3263 796 3267 ’

125 3348 163 3414 τὸ
195 3345 442 3414 ἇποκεκλικέναι
464 3347 532 3414 ἀπὸ
563 3349 629 3414 τῶν
651 3368 713 3430 φυ-

126 3459 226 3521 σικοίν
249 3456 304 3521 ε’πὶ
328 3455 369 3521 τοὶ
393 3452 500 3537 ήθικά
522 3456 588 3521 κτλ.

126 3564 146 3645 ἕ
171 3565 213 3627 64
236 3561 542 3648 [llenophaues],
575 3558 613 3625 ὄν
636 3580 715 3647 φησι

132 3675 298 3751 Τίμαιος
314 3668 397 3733 κατὰ
406 3669 537 3755 Ἱέρωνα
552 3667 610 3732 τὸν
625 3673 715 3733 Σικε-

128 3775 202 3848 λίας
236 3775 397 3862 δυνάστην
436 3776 490 3838 καὶ
517 3771 715 3860 Ἐπίχαρμον

128 3883 188 3948 τὸν
217 3882 352 3968 ποιήιήν
373 3886 561 3965 γεγονέναι,
578 3879 715 3947 ’Λπολ-

201 4079 252 4149 115)
269 4079 301 4132 lu
320 4084 479 4131 transcursu
498 4075 564 4145 quid
589 4075 622 4130 de
645 4077 784 4144 prooemio
803 4075 952 4132 Laertiauo
970 4074 1038 4128 mihi
1055 4073 1238 4143 persuaserim
1257 4073 1353 4128 dicum.

129 4169 249 4222 Videtur
260 4167 421 4222 Favorini
436 4182 508 4251 esse,¹
523 4166 545 4219 si
560 4165 669 4233 quidem
682 4165 854 4234 Hermodori,
872 4165 1032 4234 Hippoboti,
1052 4162 1171 4218 Sotionis
1183 4161 1354 4231 potissimum

131 4257 177 4327 [of.
195 4258 259 4311 diss
271 4258 318 4310 Fr.
332 4255 462 4311 Sohaeier
475 4287 508 4294 ν
522 4253 682 4322 ceteroquin
699 4255 746 4308 vix
762 4254 929 4310 laudabilem
943 4285 976 4292 —-
990 4253 1064 4321 ‘quid
1079 4252 1175 4306 Graeci
1195 4251 1229 4304 de
1248 4250 1353 4320 origine

129 4345 321 4415 philosophiae
340 4362 357 4403 a
374 4342 500 4399 barbaris
519 4343 645 4398 ducenda
662 4343 888 4399 existimaverint
906 4360 933 4411 p.
945 4345 981 4397 48
999 4357 1058 4410 sqq.
1077 4341 1151 4410 Lips.
1172 4340 1251 4410 1877]
1276 4341 1353 4395 testi·

128 4435 228 4504 monia,
253 4435 275 4488 si
298 4435 365 4487 mihi
384 4441 466 4488 antea
484 4431 634 4501 credidisti,
654 4433 790 4486 Favorino
811 4433 953 4486 debentur.
