3432 5400
1320 487 1382 552 129

155 651 230 716 dam
254 651 441 734 psephisma
463 672 502 719 ex
525 655 637 722 exsilio
661 663 878 739 revocaverat,
903 660 1098 740 exposuisse.
1135 661 1307 738 Quaeritur
1330 664 1385 730 ille

155 761 274 825 tertius
300 760 513 843 Thucydides,
538 763 566 827 si
590 769 641 829 est
663 765 794 844 tertius,
819 765 891 848 quis
914 764 1020 832 luerit.
1068 767 1189 834 Eratne
1212 768 1384 836 historicus

154 887 273 934 necne:
305 887 420 936 nomen
449 871 533 936 enirn
560 870 671 936 multis
694 889 869 938 commune.
917 873 1020 938 Nimis
1043 875 1184 940 breviter
1211 874 1384 942 historicus

154 976 297 1042 reditum
320 995 412 1042 auum
435 977 521 1059 quod
536 977 656 1059 tetigit,
680 976 865 1044 dolendum:
906 980 994 1046 Vas
1017 979 1072 1044 καί
1095 985 1209 1066 συνέβη
1223 1003 1280 1064 μοι
1303 983 1385 1068 φεύ-

33 1140 38 1158 ,
153 1105 227 1160 γαν
256 1080 313 1168 τὴν
341 1082 482 1165 ἐμαυτοῦ
509 1082 560 1169 ἔτη
587 1085 690 1148 εἴκοσι
712 1081 793 1168 perci
816 1083 875 1169 τὴν
903 1083 936 1159 ἐς
951 1081 1153 1172 ’Λμφίττολνν
1181 1092 1382 1173 στρατηγίαν.

156 1187 323 1254 Oonclusit
355 1188 617 1255 Wilamowitzius
651 1191 745 1256 venia
777 1191 905 1273 publice
939 1194 1104 1260 exsulibus
1138 1195 1215 1260 data
1249 1195 1383 1262 rediisse

156 1294 384 1377 Thucydidem.
430 1298 475 1362 At
500 1297 672 1364 ridendum
700 1301 752 1364 est
774 1317 815 1364 an
838 1299 1019 1366 Pausaniae
1042 1301 1140 1367 verba
1163 1303 1290 1383 possint
1313 1321 1383 1368 eum

156 1402 341 1485 Thucydide
365 1405 538 1471 conciliari.
585 1404 705 1482 Quodsi
728 1403 799 1470 fieri
823 1408 954 1488 poterit,
980 1408 1199 1490 adoptandum
1223 1428 1260 1474 eo
1281 1411 1384 1492 magis

156 1514 217 1590 est,
244 1511 320 1592 quia
340 1527 398 1578 nec
420 1509 507 1582 λύσις
530 1508 575 1574 δι’
599 1510 788 1596 ὁμωνυμίας
811 1514 956 1595 suppetit
977 1549 1021 1561 —
1044 1515 1226 1582 Polemonis
1243 1517 1328 1582 enim
1351 1517 1384 1580 in

154 1615 216 1682 hoe
244 1617 327 1682 libro
356 1617 577 1700 homonymiae
600 1619 629 1684 si
652 1637 734 1701 quae
757 1616 888 1684 luerunt
909 1621 1096 1702 probandae
1124 1628 1213 1704 sunt,
1242 1624 1383 1689 nondum

154 1723 313 1805 probatae
337 1761 376 1772 —-
402 1730 436 1791 et
458 1725 523 1790 alia
546 1725 665 1790 erroris
688 1723 860 1806 explicatio
884 1745 1017 1807 prorsus
1044 1729 1229 1811 requiritur.
1276 1730 1383 1811 Atque

155 1849 176 1895 a
197 1830 355 1898 facilitate
386 1831 465 1897 mihi
489 1830 640 1898 Schoellii
667 1832 752 1896 ratio
780 1831 900 1898 hahere
924 1834 1051 1900 videtur
1075 1837 1383 1902 commendationem

154 1938 312 2020 siugudari
341 1939 479 2020 quodam
506 1938 636 2004 decreto
661 1937 797 2003 Oenohii
820 1958 891 2006 cnm
915 1942 1010 2006 datae
1033 1941 1161 2022 pubIIce
1184 1944 1296 2008 veniae
1319 1962 1383 2008 nou

154 2045 412 2127 obtemperasset
433 2045 602 2111 reductum
619 2062 691 2110 esse
707 2044 896 2112 historicum
912 2048 1111 2112 arbitrantis.
1149 2049 1239 2126 Quod
1255 2049 1384 2114 etiamsi

153 2171 313 2234 nusquam
335 2153 491 2218 traditum
515 2157 575 2234 est,
599 2157 687 2218 certe
710 2169 912 2236 nequaquam
936 2173 956 2218 a
980 2153 1173 2236 Thucydidis
1197 2155 1382 2222 testimonio

153 2256 391 2344 discordat¹⁴¹).

243 2366 405 2432 Incertum
433 2370 484 2432 est
511 2383 587 2430 num
613 2383 673 2446 per
701 2364 934 2447 digressionem
962 2368 1096 2432 duorum
1120 2367 1249 2432 illorum
1272 2366 1382 2434 homo-

152 2491 320 2555 nymorum
343 2471 528 2538 memoriam
551 2470 682 2538 Polemo
706 2473 908 2540 coniunctam
930 2475 1087 2540 iniecerit.
1135 2473 1214 2539 Cum
1237 2473 1320 2540 falsa
1343 2477 1382 2540 de

152 2579 308 2645 historico
331 2580 524 2661 praesertim
546 2580 764 2660 crederentur,
789 2581 866 2661 quin
882 2599 983 2661 genus
998 2580 1084 2646 illius
1101 2580 1321 2662 tumulumque
1337 2581 1382 2646 ibi

152 2686 276 2752 referre
298 2687 414 2768 potuit,
438 2686 494 2752 ubi
516 2686 556 2752 de
579 2691 784 2752 monumento
809 2687 947 2769 quodam
970 2688 1003 2751 iu
1028 2706 1101 2752 arce
1124 2688 1231 2769 posito
1255 2687 1381 2754 locutus

153 2793 227 2860 esti
261 2794 353 2858 Anno
377 2793 462 2860 enim
487 2793 572 2858 1837
597 2797 725 2860 statuae
746 2793 834 2860 basis
857 2794 891 2858 in
914 2812 988 2859 aree
1012 2798 1105 2860 eruta
1128 2799 1179 2858 est
1201 2793 1261 2857 hoc
1284 2794 1380 2860 titulo

152 2899 310 2981 inscripta
335 2898 548 2986 ιΘουκυδίδης
564 2894 713 2985 Ὀλόρου
739 2899 791 2984 [cf.
816 2899 939 2982 Bergk,
964 2900 1150 2966 Zeitschriit
1173 2899 1194 2966 f.
1219 2901 1248 2965 d.
1274 2901 1380 2966 Alter-

152 3007 323 3074 tumswiss.
350 3007 434 3072 1845
458 3027 489 3089 p.
508 3009 573 3072 964
585 3007 641 3091 n.].
681 3007 782 3073 Porro
806 3008 872 3072 aha
898 3009 1065 3074 occasione
1089 3007 1217 3088 alioque
1239 3007 1274 3072 in
1296 3007 1379 3074 libro

152 3114 356 3180 Pharsaliam
383 3113 553 3196 quominus
581 3116 893 3196 commemoraverit,
925 3116 998 3198 quis
1019 3114 1219 3180 intercedet?
1266 3115 1378 3198 Neque

152 3221 254 3303 igitur
281 3219 458 3303 probabilis
484 3219 564 3286 haec
592 3226 643 3286 est
669 3221 907 3288 Wilcmowitzii
936 3223 1112 3303 sententia,
1143 3239 1203 3286 nec
1227 3258 1269 3269 -
1292 3224 1378 3304 quod

152 3327 227 3394 hinc
251 3327 456 3411 consequitur
479 3364 522 3374 -
546 3328 651 3394 altera
666 3328 706 3394 de
721 3329 895 3396 Polemone
911 3328 1025 3394 indicis
1042 3328 1199 3410 scriptore
1216 3329 1377 3396 conclusio

152 3434 297 3517 quamvis
321 3435 476 3516 speciosa.

242 3540 423 3606 Marcellini
453 3540 619 3623 catalogus
649 3542 690 3606 ad
719 3541 965 3607 LaertIanorum
996 3539 1176 3620 exemplum
1204 3542 1377 3624 exigendus

153 3653 217 3731 est,
252 3648 403 3731 quoniam
430 3665 534 3729 neque
563 3653 634 3714 arto
664 3643 921 3732 scriptorum¹⁴¹)
957 3665 1034 3730 gyro
1064 3647 1246 3712 continetur
1276 3649 1377 3713 etde

224 3790 275 3859 141)
292 3788 397 3844 Vellem
425 3787 578 3842 Schoellius
604 3805 632 3857 p.
660 3792 713 3846 438
739 3789 905 3858 neglexisset
931 3787 1014 3841 Plinii
1037 3786 1071 3841 N.
1093 3786 1127 3840 H.
1146 3786 1208 3856 VH,
1227 3787 1269 3840 111
1292 3787 1377 3844 rerba

143 3881 233 3936 -nimis
260 3877 353 3934 fucata
377 3883 407 3932 et
432 3877 461 3932 in
486 3878 692 3934 declamationis
719 3879 828 3934 modum
856 3878 966 3932 detorta
988 3878 1172 3950 ‘Thucydidem
1196 3881 1377 3944 rinporatorem

152 3974 323 4024 Athenisnses
341 3972 368 4020 in
385 3971 508 4020 excidam
526 3987 617 4036 egere,
635 3989 728 4022 rerum
745 3974 901 4022 conditorem
920 3986 1085 4030 revocavere,
1107 3970 1277 4034 eloquentiam
1296 3970 1376 4018 admi-

152 4064 208 4114 rati
231 4061 307 4112 cuda
332 4062 456 4110 virtutem
482 4058 692 4112 damnavemnt’.
714 4089 750 4102 -
772 4057 853 4128 Quod
874 4064 1020 4128 praeterea
1042 4055 1161 4112 coniecit
1185 4061 1248 4124 post
1272 4055 1377 4111 cladem

143 4147 274 4204 ¹Siculam
291 4145 398 4202 reniam
415 4144 526 4215 publice
544 4145 635 4204 datam
653 4149 789 4218 sprevisse
808 4146 1007 4218 Thucydidem,
1026 4145 1128 4200 abusus
1146 4148 1189 4216 est
1207 4143 1377 4202 conturbatis

151 4235 307 4294 Marcellini
324 4235 415 4292 verbis
434 4235 450 4306 ξ
469 4237 513 4292 32.

224 4323 274 4394 14²)
292 4323 430 4380 Prallerns
447 4323 533 4393 igitur
559 4325 608 4396 [ad
625 4325 781 4398 Polemonis
798 4324 832 4380 fr.
851 4324 890 4395 V]
918 4330 946 4379 ct
964 4323 997 4378 R.
1013 4321 1167 4396 ,amoenius
1187 4321 1288 4392 [Herm.
1307 4324 1376 4380 XIII

150 4419 205 4473 435
225 4413 295 4484 sqq]
315 4414 349 4469 de
368 4412 507 4468 Demetrio
526 4414 655 4484 Magnete
674 4416 825 4486 cogitantes
844 4413 964 4482 graviter
982 4416 1150 4468 erraverunt.
1192 4475 1195 4484 1

204 4500 528 4557 Ρὶιίλοῑος.ῦοίοττοολττιοςοο
536 4502 577 4545 111.
1200 4503 1215 4556 9
