3420 5408
1342 477 1381 539 17

156 657 332 740 Epicureos
365 661 398 721 et
432 656 536 737 ipsum
565 653 738 736 Epicurum
772 658 906 735 propter
939 655 1204 719 contemnendam
1238 656 1271 718 in
1306 655 1384 718 scri-

156 764 261 830 bendo
290 763 450 846 ignaviam
479 761 683 844 vituperavit.
730 761 907 828 Praeterea
936 761 1055 826 citandi
1083 763 1168 826 ratio
1199 763 1381 843 premenda.

158 870 192 938 Si
221 871 356 936 Aelius
383 868 556 952 Dionysius
584 867 863 934 Halicarnascnsis
894 871 1043 952 μουσικῆς
1077 869 1219 951 ὶσοοριιὶς
1246 870 1384 952 scriptor
1439 857 1442 861 ’

158 983 230 1043 erat
261 975 489 1056 nominandus,
529 993 585 1039 cur
618 993 682 1040 non
716 975 900 1040 nominatur
935 974 1077 1039 diserte?
1136 974 1256 1042 Contra
1289 977 1384 1058 vulgo

158 1085 312 1151 maiorem
327 1083 516 1166 Dionysium
539 1081 642 1147 citant
664 1082 705 1146 ad
721 1082 845 1146 hacrtii
869 1081 1056 1163 exemplum.
1077 1117 1116 1128 -
1143 1082 1211 1147 Iam
1235 1085 1384 1165 quoniam

158 1197 340 1273 temporum
378 1190 455 1256 ordo
491 1190 524 1253 in
560 1188 826 1253 calumniatorum
859 1206 993 1254 numero
1029 1193 1177 1254 servatur
1212 1189 1385 1273 [Diotimus

160 1299 244 1363 enim
273 1302 306 1363 et
328 1291 554 1378 Posidonius⁹)
579 1295 687 1361 Sullae
717 1299 825 1360 aetate
854 1301 961 1375 erant,
991 1295 1143 1361 Nicolaus
1167 1297 1385 1362 Damascenus

160 1424 185 1471 c.
217 1407 273 1485 64,
318 1404 491 1486 Dionysius
530 1421 556 1470 c.
588 1403 630 1466 55
678 1403 781 1468 lncem
825 1402 1070 1486 adspexe1·unt]‚
1115 1403 1204 1468 Sotio
1251 1404 1306 1468 ille
1353 1405 1385 1468 in

160 1511 285 1577 Nicolai
329 1515 362 1576 et
399 1510 546 1592 Dionysii
584 1509 698 1574 incidit
732 1513 887 1574 aetatem.
949 1508 1048 1591 Atqui
1087 1511 1230 1575 eiusdem
1268 1510 1387 1575 aetatis

160 1613 374 1702 Sotionem¹⁰)
408 1617 554 1682 novimus
583 1616 769 1682 Sentianum
805 1616 945 1682 Senecae
979 1611 1164 1698 philosophi
1197 1616 1387 1698 magistrum

161 1724 214 1808 [cf.
245 1743 294 1807 ep.
319 1726 376 1805 49,
408 1726 438 1788 2.
490 1723 714 1788 Nietzscheum
748 1743 780 1804 p.
807 1723 885 1807 639]
921 1723 960 1788 de
992 1722 1171 1790 Stoicorum
1205 1725 1387 1806 praeceptis

160 1831 273 1897 ethicis
297 1831 497 1913 scriptorem,
522 1831 610 1896 velut
634 1831 739 1895 deira
763 1829 815 1914 [cl.
834 1830 1059 1896 Nietzscheum
1075 1831 1150 1915 ib.]:
1176 1832 1252 1913 quid
1269 1832 1387 1896 certius

160 1955 264 2020 quam¹
280 1933 385 2021 ἀκμήν
399 1938 520 2003 Dioclis
536 1937 700 2002 Posidonii
724 1942 759 2002 et
774 1936 915 2003 Sotionis
938 1939 1093 2004 memoria
1115 1938 1388 2020 circumscriptam

161 2062 187 2110 c.
213 2047 255 2110 60
279 2061 307 2110 a.
334 2043 406 2110 Chr.
433 2063 504 2110 esse
528 2043 776 2110 conlocandam‘?

251 2152 285 2235 3)
319 2151 400 2220 Rem
438 2156 560 2216 certam
597 2152 695 2216 tertio
734 2151 944 2216 communiam
982 2156 1181 2233 argumento.
1239 2151 1388 2218 Laertius

103 2335 105 2340 ¹
161 2258 337 2340 Menippi
361 2258 487 2340 cynici
510 2259 611 2324 vitam
635 2257 681 2322 sic
704 2257 818 2338 incipit
840 2258 886 2323 VI
910 2259 944 2322 8:

206 2368 398 2438 Μένιππος·
434 2365 489 2427 καὶ
522 2359 613 2439 οὗτος
645 2361 784 2447 κυνικός,
818 2361 855 2428 τό
886 2359 1051 2429 ἀνέκαθεν
1082 2361 1123 2450 ἦν
1147 2367 1278 2448 Φοῖνιξ,
1313 2364 1389 2429 riori·

162 2472 230 2554 λος,
275 2469 318 2546 οἷς
356 2489 455 2556 φησιν
483 2467 635 2551 Ἀχαϊκὸς
671 2468 707 2535 ἓν
740 2468 896 2546 Ἠθικοῖς.
961 2471 1129 2555 Διοκλῆς
1166 2470 1202 2534 δὲ
1240 2477 1293 2534 καὶ
1331 2469 1389 2536 τόν

162 2577 323 2664 δεσπότην
345 2573 446 2642 αὐτοῦ
466 2575 624 2642 Ποντικόν
647 2579 732 2642 εἶναι
754 2582 808 2640 καὶ
823 2573 963 2643 Βότωνα
986 2577 1174 2642 καλεῖσθαι·
1199 2573 1390 2664 ἀτηρότερον

163 2683 192 2750 δ’
221 2684 341 2750 αἰτόν
362 2683 422 2768 [l]
446 2682 509 2750 ὑπὸ
538 2682 754 2771 φιλαργυρίας
782 2685 893 2766 ἴσχυσε
922 2687 1066 2769 Θηβαῖος
1091 2689 1264 2765 γενέσθαι·
1300 2689 1390 2771 φέρει

236 2983 261 3055 ⁹)
277 2982 468 3052 Posidonium,
498 2998 552 3037 non
579 2981 720 3038 Posidonii
751 2982 900 3052 discipulos
913 3032 916 3041 ,
930 2983 1020 3053 tangit
1049 2984 1190 3038 Laertius:
1220 2983 1288 3038 falso
1318 2983 1390 3037 enim

165 3073 347 3128 Nictzscheus
368 3072 449 3140 [mus.
467 3072 545 3126 rhen.
558 3070 653 3126 XXIII
664 3087 692 3140 p.
705 3071 768 3142 639]
787 3072 986 3140 interpretatur
1004 3075 1110 3142 οἱπερὶ
1128 3072 1314 3126 Ποσειδώνιον.
1342 3070 1389 3140 [cf.

165 3162 253 3217 Lehrs
273 3167 377 3229 quaest.
398 3176 440 3229 ep.
458 3175 485 3229 p.
505 3161 539 3215 28
557 3177 593 3228 n,
612 3160 733 3214 Beccard
752 3160 785 3214 dc
803 3159 889 3215 schol.
909 3161 938 3214 in
955 3161 1067 3215 Homeri
1086 3161 1199 3215 Iliadem
1217 3177 1244 3230 p.
1264 3163 1297 3215 22
1311 3160 1391 3231 sqq.].

218 3249 275 3321 ,¹0)
295 3249 450 3304 Heckerum
478 3255 506 3303 et
533 3249 774 3304 Panzcrbieterum
800 3249 833 3304 de
855 3255 950 3304 vetera
971 3249 1018 3304 illo
1043 3251 1180 3322 διαδοχῶν
1203 3250 1336 3320 scriptore
1357 3249 1391 3320 [c.

168 3343 218 3396 180
237 3355 262 3394 a.
281 3339 356 3406 Cha]
381 3338 533 3407 cogitantes
551 3337 733 3393 Nietascheus
751 3337 885 3393 refutarit
903 3355 931 3409 p.
951 3339 1011 3394 638.
1048 3338 1110 3406 Ipse
1129 3353 1191 3402 cum
1208 3338 1263 3398 1.ο.
1284 3337 1391 3408 egregie

164 3428 391 3506 iudicavisset,a
413 3443 441 3482 se
454 3427 580 3496 descivit,
601 3433 633 3482 ut
650 3443 796 3496 perrersae
820 3428 853 3482 dc
876 3427 973 3482 Diocle
992 3427 1115 3495 opinioni
1136 3433 1318 3482 succurreret.
1354 3427 1393 3482 At

164 3516 268 3571 frustra
286 3516 347 3595 fuit,¹
366 3531 428 3570 cum
447 3531 475 3570 se
495 3515 628 3584 correxit3
652 3531 713 3570 nam
733 3516 767 3570 ad
790 3515 1002 3585 peripateticum
1021 3515 1143 3584 confugit
1163 3515 1302 3582 Sotionem
1321 3531 1392 3586 aum,

165 3607 200 3661 de
228 3622 283 3674 quo
312 3603 469 3674 Simplicius
496 3604 525 3658 in
552 3605 748 3660 commentario
772 3605 806 3660 ad
832 3604 985 3674 categorias
1013 3603 1050 3675 [p.
1073 3607 1169 3660 61222
1197 3605 1341 3674 Brandis]:
1367 3607 1393 3658 ot

165 3697 227 3768 περὶ
252 3694 299 3748 τὸν
321 3693 443 3766 Ἀχαϊκὸν
470 3693 516 3746 καὶ
543 3698 669 3747 Σωτίωνα
696 3692 775 3748 ταῦτα
802 3691 991 3760 ἐπιστήσαντας
1015 3687 1085 3748 οὗτοι
1102 3693 1162 3754 τοὺς
1180 3693 1320 3754 uarietatis
1340 3693 1393 3747 τῶν

165 3784 331 3855 κατηγοριῶν
349 3781 474 3853 ἐξηγητὰς
498 3780 634 3836 αἰτιῶνται
651 3781 759 3848 Βόηθον
776 3785 823 3837 καὶ
837 3783 983 3856 Ἀρίστωνα
1000 3784 1048 3836 καὶ
1069 3782 1201 3854 Εὔδωρον
1223 3783 1269 3842 κατ’
1285 3779 1394 3851 ’Λνόρό-

166 3893 241 3927 νικον
264 3873 310 3926 καὶ
327 3869 515 3940 Ἀθηνόδωρον
535 3869 602 3942 μήτε
620 3869 808 3938 ἐπιστήσαντας
825 3869 891 3944 μήτε
908 3875 1155 3943 ἐπισημηναμένοος
1173 3871 1240 3924 ἀλλὰ
1259 3874 1311 3924 κτλ.
1347 3873 1393 3922 Ve-

166 3971 234 4014 teres
251 3965 295 4012 e'lle'
310 3964 464 4026 interpretes
482 3963 604 4026 quoniam
617 3965 706 4028 primo
724 3979 741 4012 a
765 3961 826 4013 Chr.
848 3979 875 4013 n.
896 3965 998 4013 saeculo
1014 3963 1111 4031 suere,
1129 3965 1250 4028 proximi
1269 3964 1316 4012 νίν
1333 3969 1395 4012 ante

166 4055 280 4102 medium
296 4055 415 4118 prrinum
434 4059 496 4119 post
520 4050 581 4101 Chr.
606 4053 739 4100 saeculum
753 4052 857 4117 florere
874 4058 1004 4116 poterant.
1055 4053 1126 4102 Ηίατ
1152 4053 1258 4102 Deocles
1284 4058 1394 4102 exeunte

166 4143 211 4191 illo
236 4144 339 4191 saeculo
354 4142 483 4207 βοτοῖσιν
507 4142 644 4204 arguetur.
682 4137 839 4210 Temeraria
863 4139 932 4192 haec
954 4137 1165 4206 argumentatio!
1202 4137 1298 4206 Neque
1311 4137 1394 4192 enim

166 4243 249 4284 causa
267 4233 310 4281 est
322 4227 533 4282 Wilamowitzio
545 4226 644 4296 iudice,
659 4242 708 4281 cur
720 4227 879 4282 Aristotelis
891 4228 944 4282 iste
956 4227 1092 4296 interpres
1105 4227 1250 4282 dirimatur
1262 4243 1279 4281 a
1292 4226 1393 4296 Stoico,

165 4331 225 4384 nec,
244 4315 276 4384 si,
296 4321 381 4384 esset,
400 4330 435 4368 ex
452 4315 589 4370 incerta
607 4314 712 4370 Dioclis
731 4321 821 4370 aetate
839 4316 872 4370 de
891 4315 1020 4385 Sotionis,
1039 4316 1086 4370 sed
1100 4331 1134 4370 ex
1145 4317 1197 4370 hac
1210 4315 1245 4370 de
1263 4315 1312 4371 illa
1329 4331 1394 4372 con·

167 4405 330 4462 cludendum
350 4411 431 4460 esset.
584 4479 586 4482 Ι

220 4493 331 4545 Philolog.
346 4493 545 4544 Untarsuchnngeu
559 4493 599 4533 llI.
1184 4495 1200 4548 2
