3432 5400
377 441 438 502 122

371 619 514 684 Eaoenus
537 618 636 699 igitur
653 635 723 682 cum
740 617 942 682 Volkmanno
965 617 1058 696 facio,
1084 617 1170 698 quod
1193 616 1314 682 indices
1337 616 1592 699 homonymomm

371 723 574 790 advocandos
597 723 639 787 ad
662 724 884 805 quaestionem
907 725 1107 806 propositam
1124 723 1280 803 arbitror;
1307 723 1354 788 ita
1370 724 1592 806 discrepamus,

371 836 408 895 ut
431 831 487 896 ille
517 831 559 895 ad
588 849 685 894 unum
716 849 853 896 omnes
877 835 1036 911 arcessat,
1067 849 1127 912 ego
1151 850 1206 897 eos
1230 837 1356 897 tantum
1379 831 1523 913 probem,
1547 833 1593 913 qui

370 943 515 1004 veterem
539 937 721 1019 bonamque
745 938 887 1019 produnt
910 939 1075 1020 originem.
1123 939 1214 1004 Hanc
1238 939 1341 1020 legem
1365 939 1420 1020 qui
1445 940 1594 1021 sequitur,

370 1046 398 1110 is
433 1045 466 1109 in
501 1044 678 1126 digerenda
707 1044 849 1110 Suidana
882 1045 967 1111 mole
990 1046 1094 1127 ,plane
1129 1047 1323 1110 contrariam
1357 1046 1483 1127 volgari
1517 1047 1594 1110 viam

370 1153 584 1234 ingredietur,
615 1152 765 1234 quoniam
796 1171 859 1218 non
891 1153 984 1235 quasi
1012 1171 1032 1216 a
1059 1152 1266 1218 fundamento
1300 1152 1480 1218 excundum
1509 1158 1594 1218 csta

371 1260 470 1326 Suida
492 1260 524 1324 in
549 1277 651 1341 eoque
676 1259 853 1340 disputatio
878 1261 1070 1326 continenda
1094 1260 1151 1324 sed
1175 1279 1194 1324 a
1216 1260 1348 1326 meliore
1364 1261 1513 1340 materia,
1537 1280 1594 1342 qua

370 1366 579 1446 abundamus,
598 1366 739 1431 discreta
756 1385 794 1430 ea
810 1368 939 1448 quidem
955 1373 989 1432 et
1005 1369 1186 1432 examinata
1202 1369 1244 1432 ad
1260 1367 1390 1433 Suidam
1407 1368 1593 1432 ascendatur

370 1493 502 1540 necesse
537 1479 595 1538 est.
648 1473 761 1538 Dicam
793 1474 878 1555 quod
913 1476 1031 1541 sentio:
1068 1480 1105 1540 ut
1139 1474 1234 1540 hodie
1270 1479 1336 1538 tam
1367 1493 1472 1555 pauca
1503 1480 1591 1556 atque

368 1581 487 1663 pusilla
521 1582 561 1645 de
593 1580 803 1662 biographica
837 1587 986 1646 constent
1019 1582 1188 1661 memoria,
1229 1600 1381 1663 perversa
1416 1582 1591 1662 inquirendi

371 1688 601 1754 cousuetudine
632 1693 666 1752 et
693 1687 820 1754 ratione
853 1687 1000 1756 ellectum
1024 1694 1082 1754 est.
1131 1689 1270 1754 Molesta
1293 1707 1371 1752 sane
1395 1691 1429 1752 et
1453 1688 1590 1752 modesta

369 1815 408 1860 ea
435 1815 532 1878 quam
560 1814 620 1877 ego
650 1815 795 1877 propono
825 1801 875 1862 est
905 1797 1077 1878 scrutatio,
1114 1797 1171 1862 sed
1199 1797 1239 1860 iis
1267 1795 1453 1860 necessaria
1481 1795 1589 1876 quiin

367 1903 504 1968 historia
527 1902 709 1969 litterarum
725 1921 913 1985 graecarum
929 1904 1030 1986 probe
1046 1904 1268 1986 cognoscenda
1291 1902 1401 1967 volent
1423 1901 1584 1983 proficere.

367 2011 485 2093 Ingens
508 2012 573 2076 iarn
602 2012 748 2094 aperitur
776 2012 869 2093 copia
897 2016 930 2075 et
959 2030 1043 2093 quae
1076 2011 1254 2076 coniunctis
1278 2010 1453 2076 multorum
1476 2010 1588 2076 viribus

367 2124 586 2201 pertractetur
609 2119 807 2200 dignissima.
855 2119 966 2200 Neque
990 2118 1089 2200 igitur
1118 2123 1155 2182 ut
1177 2122 1280 2183 totam
1309 2117 1404 2182 simul
1433 2137 1504 2184 cum
1526 2116 1587 2199 pul·

367 2227 488 2292 visculo
525 2226 726 2306 exhauriam,
763 2227 820 2292 sed
856 2227 941 2291 viam
969 2231 1005 2291 ut
1035 2231 1280 2292 commonstrem
1311 2245 1375 2308 qua
1403 2225 1444 2290 ad
1475 2230 1587 2290 certum

368 2335 528 2416 quendam
552 2333 648 2399 finem
672 2333 889 2416 perveniatur,
913 2333 1042 2415 profero
1066 2353 1149 2416 quae
1172 2333 1251 2398 mihi
1275 2333 1452 2398 extricasse
1474 2333 1587 2399 videor.

866 2530 894 2584 1.
916 2531 960 2584 llo
979 2527 1095 2586 Aratis.

456 2657 505 2720 Dc
529 2657 629 2722 Arato
655 2655 786 2736 Suidas,
821 2660 855 2720 ut
878 2655 946 2720 lere
970 2654 1021 2736 fit,
1053 2656 1202 2737 congruit
1225 2674 1296 2720 cum
1320 2672 1478 2735 anonymo
1503 2653 1587 2717 Arati

368 2764 547 2845 biographo
592 2762 693 2846 [apud
736 2763 1017 2828 Wcstermannum
1063 2762 1244 2844 ‘biographi
1290 2761 1398 2843 graeci
1444 2760 1586 2826 minores’

366 2890 396 2951 p.
417 2870 457 2934 52
483 2870 582 2954 sqq.],
612 2869 674 2933 nisi
704 2869 790 2950 quod
812 2871 967 2952 pleraque
991 2870 1180 2935 brevissime
1205 2861 1336 2934 enhibct
1359 2869 1391 2932 in
1416 2869 1526 2950 paucis
1551 2905 1585 2913 -

366 2977 539 3058 praecipue
568 2977 600 3040 in
630 2976 784 3041 librorum
815 2978 1002 3042 recensione
1031 3013 1073 3022 -
1104 2977 1272 3059 copiosior.
1327 2977 1511 3057 Anonymus
1537 2975 1588 3039 ille

367 3083 494 3148 excellit
514 3083 616 3178 proba
632 3083 770 3165 quadam
787 3084 983 3163 eruditione;
1008 3084 1232 3166 Asclepiadem
1248 3083 1457 3166 Myrleauum,
1482 3083 1589 3147 Archi-

366 3191 507 3272 lochum,
546 3190 810 3273 Eratosthenem,
851 3191 1037 3256 Callimachi
1075 3192 1323 3274 epigrammata,
1363 3188 1588 3268 Ptolemaeum,

367 3298 504 3380 denique
527 3298 751 3380 Apolloniden
775 3295 1051 3380 Nicaeensem¹³³l
1075 3298 1251 3364 advocavit.
1296 3298 1461 3362 Accedrmt
1483 3297 1589 3362 homo-

366 3404 467 3486 nymi:
493 3410 557 3466 καὶ
581 3402 697 3468 ἄλλοι
722 3402 763 3467 δὲ
784 3405 931 3469 πολλοὶ
953 3402 1127 3485 γεγόνασιν
1141 3407 1273 3490 ”ripaeos
1295 3404 1413 3490 ἄνδρες
1428 3402 1590 3486 ἐλλόγιμοι

366 3510 603 3598 ἱστοριογράφοι

410 3616 513 3706 ὥσπερ
527 3617 544 3682 ὃ
557 3620 740 3694 Κνίδιος,
756 3614 792 3684 οὗ
806 3623 962 3706 φέρονται
975 3617 1181 3702 Alyonnexoi
1195 3618 1337 3706 inrepere*
1348 3619 1589 3706 συγγράμματα·

365 3852 438 3904 vitae
457 3851 526 3904 haec
546 3849 701 3905 subiunxit:
722 3855 806 3902 ‘Duos
829 3854 999 3903 Terentius
1012 3861 1103 3918 poetas
1113 3855 1205 3921 sur'sse
1222 3856 1313 3903 scribit
1324 3856 1460 3912 Metius,
1479 3870 1588 3917 quorum

366 3947 435 3992 alter
454 3944 633 4008 Fregellanus
642 3944 736 4010 fuerit
757 3944 893 3992 Terentius
911 3943 987 4003 Lao,
1006 3946 1075 3992 alter
1094 3946 1231 3993 lateranus
1253 3944 1388 3994 Terentius
1407 3944 1477 4010 Aser
1491 3944 1588 4006 patrib,

364 4036 397 4082 de
414 4051 464 4098 quo
483 4051 552 4082 nunc
570 4031 718 4098 loquantur).
1335 4005 1345 4028 ⁹

438 4119 490 4188 1³3)
504 4122 696 4187 Ἀπολλωνίδης
715 4117 872 4188 ὅΚηφεὺς
891 4121 951 4174 cod.
970 4120 1126 4174 emendavit
1144 4117 1286 4172 Bentleius
1304 4117 1339 4170 cf.
1354 4118 1463 4172 Bentlei
1481 4117 1587 4172 Phalar.

365 4227 392 4277 p.
411 4212 445 4264 il
465 4208 586 4277 [lipsiae
608 4209 696 4278 1831}
733 4209 862 4262 Ceterum
888 4225 949 4262 cum
973 4209 1083 4263 scholiis
1106 4209 1163 4262 vita
1184 4209 1287 4262 Aratea
1311 4223 1366 4261 non
1389 4207 1429 4261 ita
1451 4207 1587 4276 cohaeret,

366 4304 397 4350 ut
415 4297 507 4350 dirimi
525 4304 651 4364 nequeat.
687 4297 732 4350 Ex
749 4314 809 4352 mea
833 4299 971 4354 sententia
989 4299 1017 4352 in
1040 4298 1143 4352 scholia
1168 4297 1254 4352 inlata
1273 4301 1322 4352 est.
1360 4295 1435 4363 Quae
1456 4303 1587 4365 quatenus

365 4385 425 4439 iure
444 4386 478 4440 ad
498 4386 635 4440 Theonem
654 4386 810 4442 referantur
827 4387 948 4443 nondum
966 4393 1081 4442 constat.
