3420 5408
1315 490 1356 554 31

133 660 284 750 δρότιμος
311 666 356 739 εἷς
383 662 514 748 πλῆθος
539 668 596 727 καὶ
623 659 803 750 λεπτότητα
829 661 1012 749 πνεύματος
1039 660 1180 746 ἀνοίσει,
1209 664 1362 754 καθάπερ

134 774 227 855 οἶμαι
242 766 565 854 καὶἘρασίσιρατας.
600 770 829 838 Scheuerleero
845 771 968 838 arbitro
984 772 1143 839 Athenaei
1159 776 1363 842 adversarius

134 884 207 943 erat
236 878 453 959 Asclepiades,
501 878 571 960 Ego
587 879 708 960 potius
736 877 894 944 Galenum
918 879 1014 944 audio
1042 879 1268 962 disserentem,
1298 901 1362 947 non

132 987 357 1069 Asclepiadem
381 985 421 1069 [c.
442 988 504 1052 100
520 1005 548 1051 a.
568 985 641 1052 Ohr.
664 1005 694 1051 n.
721 984 758 1052 ef.
776 985 901 1051 Haeser
923 1005 955 1068 p.
974 987 1038 1051 262
1063 987 1157 1072 sqq.]‚
1182 988 1210 1054 si
1233 989 1363 1070 quidem

135 1098 246 1158 extant
274 1092 383 1158 futura
406 1091 666 1170 καταγελάσεται
689 1097 722 1158 et
745 1088 882 1171 ἀνοίσει,
906 1110 970 1158 non
994 1093 1188 1174 praesentia.
1212 1095 1362 1160 -Ε11τ-

132 1200 290 1264 minemus
327 1198 465 1262 alterum
501 1197 617 1264 Galeni
654 1198 759 1264 locum
793 1197 870 1263 VIII
903 1217 935 1278 p.
962 1201 1025 1261 749
1061 1199 1171 1264 thn:
1207 1199 1262 1263 καὶ
1300 1202 1362 1285 πρὸ

132 1307 264 1373 πάντων
287 1305 409 1370 ἐκείνου
432 1307 575 1391 μέμνησο
597 1305 655 1369 τοῦ
677 1309 771 1391 μέχρι
793 1305 887 1388 δεῦρο
908 1301 1020 1388 μόνον
1042 1302 1159 1386 σχεδὸν
1186 1302 1250 1372 τῶν
1267 1304 1363 1394 Ἡρο-

134 1413 266 1498 ariniara
287 1407 373 1497 ἡμᾶς
397 1411 472 1486 τούς
493 1409 589 1497 ὄρους
611 1415 892 1497 προκεχειρίσθαι,
915 1410 1048 1477 πολλῶν
1074 1417 1130 1476 καὶ
1156 1424 1222 1488 τοῖς
1238 1409 1364 1500 Ἐρασι-

134 1525 311 1608 στρατείοις
332 1517 387 1582 καὶ
409 1526 473 1593 τοϊς
490 1515 785 1605 Ἀσκληπιαδείους
811 1516 991 1598 γεγονότων
1018 1515 1122 1607 ὥσπερ
1152 1543 1188 1599 ys
1214 1525 1270 1584 καὶ
1297 1532 1364 1596 τοῖς

133 1626 193 1692 ἀπ’
207 1623 388 1712 Ἀθηναῖοι)
410 1627 468 1690 τοῦ
484 1626 669 1702 ’Arvalium
692 1624 746 1702 οὓς
772 1625 1003 1710 πνεοματικοος
1018 1623 1235 1711 ὀνομάζουσιν
1257 1629 1287 1693 εἰ
1309 1627 1364 1692 καὶ

132 1732 175 1819 μὴ
187 1732 349 1799 τοσούτων
362 1729 445 1818 ὅρων
457 1729 575 1817 [ὄντων
586 1732 862 1817 Wilamowituius]
881 1729 964 1816 ὅμως
977 1734 1058 1816 γοῦν
1069 1734 1227 1800 τοσούτων
1238 1737 1363 1820 εἰρημέ-

133 1865 208 1906 νων.
256 1841 341 1906 Mira
364 1859 441 1906 sane
464 1840 581 1906 levitas
605 1839 805 1905 Athenaeum
828 1840 1020 1924 Asclepiade
1050 1842 1264 1924 antiqrdorem
1287 1842 1363 1908 hine

134 1947 367 2029 extorquentis!
402 1983 440 1992 —
468 1946 629 2011 Athenaei
663 1946 834 2028 disciplina
860 1947 889 2012 is
918 1965 938 2012 a
972 1966 1034 2029 quo
1062 1948 1155 2014 uobis
1184 1949 1362 2014 exeundum

134 2059 205 2120 erat
232 2054 373 2119 imbutus
404 2058 455 2118 est
485 2054 672 2120 Theodorus
698 2054 975 2135 pnemnaticerum
1006 2053 1137 2119 assecla.
1190 2056 1258 2120 Iam
1286 2073 1362 2120 vero

132 2159 305 2246 Plinius²⁹)
330 2162 371 2226 ad
389 2161 549 2226 Theodori
565 2165 668 2226 artem
684 2160 870 2241 provocavit
886 2161 982 2242 idque
1006 2161 1054 2226 ita
1076 2166 1114 2226 ut
1128 2161 1362 2228 Erasistratum

133 2273 344 2351 compararet.
400 2267 499 2333 Vides
534 2267 596 2332 viri
629 2267 865 2332 auctoritatem.
921 2266 999 2334 Cum
1029 2267 1120 2333 alter·
1143 2269 1270 2334 omnino
1299 2287 1363 2334 non

132 2379 229 2439 notus
253 2373 295 2438 sit
319 2373 515 2454 Theodorus
541 2375 611 2439 iure
635 2374 676 2438 ad
699 2373 859 2439 Athenaei
882 2374 1058 2439 redibimus
1082 2375 1283 2457 discipulum.

221 2481 252 2546 d.
279 2481 486 2546 Thaletum
509 2481 584 2547 138
607 2483 753 2565 πέμπτος
775 2481 925 2565 νεώτερος
947 2482 1076 2558 ἄδοξος,
1102 2477 1144 2546 οὗ
1168 2486 1363 2566 μέμνηται

133 2585 342 2663 Διονύσιος
380 2589 422 2655 ἓν
464 2594 677 2674 Κριτικοῖς·
716 2588 812 2654 Mitto
853 2589 1053 2654 coniecturas
1099 2585 1147 2656 ‘dv
1185 2586 1363 2673 Κρητικοῖς’

134 2690 848 2781 0115111)οοὶ,(ὈνιιρακριτικοτξΒοτοοοισμί,
866 2695 952 2760 Male
965 2696 1063 2760 etiam
1074 2694 1198 2777 placuit
1210 2693 1363 2760 Graefen·

133 2800 230 2866 hanio
246 2802 391 2884 Dionysii
413 2802 546 2868 Thracis
568 2801 686 2868 librum
709 2802 817 2868 neseio
842 2821 936 2884 quem
960 2800 1143 2884 significari.
1183 2801 1364 2867 Halicar-

133 2909 318 2974 nasensis
346 2909 454 2990 potius
482 2908 566 2974 liber
588 2908 661 2992 περὶ
686 2906 846 2991 μιμήσεως
873 2913 924 2974 est
946 2908 1192 2990 intellegendus.
1239 2909 1363 2990 Inque

134 3035 205 3080 cum
222 3020 386 3080 exerceret
401 3012 548 3100 ἀρχαίων
571 3021 674 3102 κρίσιν
698 3020 732 3080 et
746 3016 826 3096 ipse,
853 3016 1006 3103 ‘aptemus’
1032 3017 1102 3081 iure
1121 3015 1305 3081 nominatur
1322 3052 1361 3061 —

133 3121 223 3187 velut
251 3122 284 3187 in
312 3121 398 3187 Isaei
425 3123 493 3187 vita
522 3122 621 3186 tertia
645 3120 883 3204 [Westermann
912 3141 943 3203 p.
962 3123 1024 3186 261
1059 3122 1186 3187 conlato
1209 3121 1363 3203 Dionysio

134 3229 174 3294 de
189 3229 282 3294 Isaeo
306 3247 336 3310 p.
356 3230 421 3293 586
438 3247 484 3310 sq.
502 3227 634 3312 Reiske]
651 3263 695 3274 -
712 3232 746 3294 et
768 3247 849 3310 opus
870 3228 950 3293 illud
974 3226 1116 3314 ‘ansuini'
1142 3234 1219 3310 apte
1235 3228 1361 3294 dieitur.

134 3336 225 3400 Adde
249 3337 334 3418 quod
357 3336 495 3402 alterum
519 3335 662 3402 eiusdem
685 3335 760 3400 libri
783 3334 998 3416 fragmentum
1022 3354 1120 3417 supra
1144 3354 1175 3416 p.
1195 3337 1235 3400 16
1252 3354 1298 3417 sq.
1323 3336 1363 3400 ab

134 3443 265 3508 Laertio
294 3445 485 3526 accepimus.

226 3549 295 3613 Iam
320 3548 415 3614 facile
438 3550 478 3614 de
501 3548 758 3632 Pythagoramm
782 3547 922 3614 indiculo
945 3547 1003 3614 fiet
1025 3548 1187 3614 indicium.

226 3673 253 3719 e.
277 3655 355 3720 VIII
370 3658 412 3720 47
437 3637 530 3740 [ἔνιοι
554 3658 723 3734 γεγονέναι
748 3653 844 3740 φασι]
868 3655 921 3717 καὶ
944 3659 1054 3742 ἕτερον
1072 3657 1202 3741 Δωρικὰ
1220 3679 1364 3742 πεπραγ-

210 3795 299 3864 99111.
318 3797 345 3849 h.
364 3795 417 3850 XX
436 3797 471 3850 40
493 3795 572 3864 [102]
598 3796 762 3846 ‘Ceterorum
785 3801 858 3847 bulbi
879 3815 913 3847 ex
935 3805 1005 3848 aceto
1026 3806 1052 3848 et
1074 3800 1185 3863 οτιζννντ
1209 3800 1363 3848 vulneratus

135 3891 162 3936 in
175 3889 250 3955 sacia
269 3891 414 3947 medentur,
432 3895 485 3951 per
503 3904 530 3936 se
547 3903 609 3936 vero
628 3889 686 3936 triti
702 3903 845 3936 nervorum
867 3890 1038 3938 contractioni
1053 3894 1080 3937 et
1095 3905 1128 3937 ex
1145 3890 1205 3938 vino
1218 3890 1363 3952 pomptina,

135 3993 194 4025 cum
219 3979 295 4026 melle
319 3993 413 4026 canum
437 3978 582 4031 marseium
605 3977 819 4026 Erasistrato
837 3979 928 4041 piacet
949 3993 1009 4027 cum
1026 3980 1093 4042 pne.
1135 3979 1209 4026 Idem
1231 3980 1364 4041 sanguine

135 4069 226 4115 sistere
250 4083 291 4116 eos
310 4068 393 4115 tradd‘
409 4067 495 4115 inlitos
513 4081 571 4114 cum
590 4069 683 4122 melle,·
701 4068 751 4115 alii
766 4069 792 4115 si
807 4083 821 4115 e
838 4069 949 4116 naniam
964 4068 1045 4132 fluat,
1063 4068 1234 4116 coriandrum
1253 4072 1279 4114 et
1292 4067 1363 4133 saci-

135 4171 197 4203 nam
219 4157 343 4204 adanam.
391 4155 579 4203 Theodorus
600 4161 627 4204 et
647 4156 763 4204 lichenas
785 4172 819 4205 ex
843 4159 912 4205 ac'eto
936 4158 1023 4205 bulbis
1045 4162 1129 4214 curat,
1151 4156 1314 4219 erumpentia
1336 4158 1364 4203 in

135 4246 217 4306 capite
236 4260 294 4292 cum
312 4246 373 4292 vino
392 4249 497 4293 austera
515 4250 564 4293 aut
580 4261 641 4299 οοο,·
659 4251 685 4293 et
701 4247 790 4294 bulbos
808 4245 938 4309 epiphoris
955 4247 1023 4293 idem
1041 4245 1131 4293 inlinit
1147 4249 1174 4291 et
1189 4245 1270 4292 siccae
1290 4244 1363 4306 lippi·

136 4334 223 4382 tudini
232 4335 316 4381 media
329 4349 426 4382 eorum.
463 4333 529 4382 Vitta
547 4349 615 4396 quae
631 4335 738 4382 suntin
749 4335 833 4401 sacti,
851 4336 973 4383 rubentes
985 4335 1099 4382 maxime
1110 4334 1137 4380 in
1154 4333 1207 4380 sole
1225 4333 1296 4380 inliti
1305 4347 1364 4380 cum

135 4423 213 4470 melle
231 4428 257 4469 et
267 4425 336 4471 nitra
348 4424 494 4481 ernendant,
513 4424 666 4485 lentiginem
684 4438 742 4470 cum
755 4425 815 4471 vino
828 4428 877 4470 aut
887 4438 945 4470 cum
958 4427 1034 4470 acela.
1062 4416 1097 4470 cf.
1110 4416 1202 4470 XXIV
1218 4419 1267 4471 120
1281 4417 1364 4486 [186].
