3420 5408
368 449 410 512 '14

454 634 650 722 δαισάμενος
672 632 708 696 δὲ
730 627 839 713 γάμον
862 630 961 698 πόλιν
982 634 1116 716 ἤλυθεν,
1139 635 1181 718 ἢν
1203 637 1286 701 ποθ’
1310 634 1417 726 ἑαστηί

498 745 600 808 ἔκτισε
622 739 678 804 καί
701 737 837 822 δαπέδῳ
861 736 964 822 Ζηνὸς
986 738 1175 826 ἐνιδρύσατο
1184 739 1237 828 ⁸⁰).

459 855 487 917 1.
512 851 595 916 Ecce
619 844 832 929 biographnm
855 844 1064 912 Laertianum
1086 849 1260 932 Porphyrii
1282 855 1456 918 auctorem.

454 961 485 1024 2.
509 959 591 1023 Erat
605 955 691 1021 idem
707 971 778 1018 cum
794 951 969 1018 Alexandri
985 953 1173 1036 Apollodori
1190 961 1249 1022 etc.
1272 958 1467 1024 testimoniis
1488 960 1595 1040 reple-

364 1071 418 1130 tus
440 1070 520 1145 tum,
544 1064 577 1128 id
600 1061 686 1145 quod
709 1065 837 1141 tempus
853 1065 1093 1140 commonstrat,
1119 1062 1259 1129 Sabini
1281 1064 1535 1130 Hadrianeae
1559 1073 1595 1132 ut

367 1173 506 1238 diximus
534 1169 685 1234 aetatis
708 1165 929 1248 sophistae:
961 1167 1045 1234 hunc
1073 1169 1153 1234 mihi
1176 1175 1214 1235 ut
1236 1172 1462 1252 gravissimum
1487 1192 1593 1238 rescr-

364 1279 446 1345 vavi.
482 1279 518 1344 ln
538 1273 758 1360 olympiodori
781 1275 1010 1340 commentario
1033 1276 1067 1340 in
1083 1276 1238 1358 Gorgiam
1261 1264 1383 1360 scripto
1398 1279 1594 1362 Porphyrio-

364 1403 426 1450 nae
450 1385 536 1451 vitae
559 1383 705 1448 Platonis
728 1381 834 1445 inesse
858 1380 1013 1463 reliquias
1037 1401 1136 1464 supro
1158 1384 1280 1464 passim
1304 1386 1505 1451 enotavimus
1522 1405 1592 1452 cum

366 1491 497 1557 Laertio
526 1489 762 1571 conspirantes:
792 1491 901 1552 cetera
930 1489 1015 1552 enim
1046 1509 1131 1555 nunc
1157 1491 1239 1556 nihil
1268 1510 1417 1557 curamus
1447 1489 1498 1578 [cf.
1525 1494 1592 1574 epi-

363 1602 502 1663 metrum
518 1597 574 1681 11].
613 1597 696 1660 Ecce
719 1594 912 1676 particulam
931 1595 1174 1677 Porphyriones
1198 1597 1265 1663 illic
1287 1598 1457 1664 latentem:
1483 1601 1592 1681 agitur

364 1705 404 1770 de
433 1703 599 1785 discipulis
621 1702 768 1768 Platonis
796 1721 826 1783 p.
853 1702 917 1766 395
946 1703 1029 1767 med.
1057 1704 1211 1782 rarorum
1241 1703 1371 1790 ῥήτορες
1398 1709 1590 1788 θαυμαστοί

356 1807 538 1897 Ἰσοκράτης
560 1809 616 1873 καί
642 1811 855 1892 Δημοσθένης
883 1809 938 1872 καὶ
961 1815 1157 1894 Aulidem,
1183 1807 1255 1874 ἀλλ’
1285 1810 1304 1876 ὁ
1331 1811 1395 1892 μὲν
1411 1809 1591 1898 Ἰσοκράτης

362 1916 534 2003 ίσόχροκος
557 1915 657 1981 αὐτοῦ
680 1912 699 1978 ὃ
723 1914 760 1978 δὲ
783 1919 995 2001 Δημοσθένης
1016 1917 1073 1980 καί
1095 1917 1283 2003 Λυκοῦργος
1305 1922 1456 2004 μαθηταὶ
1479 1916 1588 1986 αὐτοῦ.

364 2025 532 2103 Quadrant
554 2022 743 2089 Laertiana:

407 2132 487 2196 ἔνιοι
510 2131 549 2195 δὲ
577 2124 631 2194 καὶ
655 2125 868 2213 Θεόφραστον
897 2121 1034 2192 άκοῦσαί
1056 2145 1160 2213 φασιν
1182 2126 1296 2196 αὖτοῦ·
1325 2131 1382 2194 καὶ
1404 2131 1589 2218 Ὑπερείδην

362 2241 423 2304 τδν
444 2236 563 2324 ῥήτορα
586 2235 826 2319 Χαμαιλέων
849 2234 928 2318 φησί
950 2234 1006 2298 καί
1022 2241 1226 2322 Λυκοῦργον·
1262 2233 1380 2320 δμοίως
1398 2239 1588 2322 Πολέμων

361 2343 498 2430 λστορεί·
532 2346 589 2408 καὶ
624 2344 840 2428 Δημοσθένην
868 2345 1046 2422 Σαβῖνος
1076 2341 1161 2422 λέγει
1185 2381 1227 2392 -·-
1254 2349 1504 2430 Μνησίστρατον
1531 2347 1587 2411 adv

362 2452 488 2518 Θάσιον
509 2455 773 2538 παρατιθέμενος
794 2487 836 2498 -
860 2447 902 2513 δν
929 2446 1099 2536 τετάρτῳ
1122 2451 1322 2536 μελετικῆς
1349 2450 1448 2539 ὕλης.
1497 2454 1587 2520 Sabi-

362 2579 447 2639 num,
465 2565 503 2624 ut
517 2560 644 2624 mittam
661 2563 796 2636 ceteros,
821 2555 1018 2637 biographus
1034 2556 1157 2622 Laertii
1174 2563 1209 2623 et
1223 2559 1395 2642 Porphyrii
1411 2561 1586 2626 communis

361 2667 525 2732 excitavit.
565 2665 657 2744 Quod
674 2664 759 2729 enim
775 2667 850 2728 ante
867 2662 1020 2727 Sabinum
1036 2663 1231 2747 Hermippus
1256 2666 1354 2750 [Plut.
1370 2666 1536 2732 Demosth.
1552 2666 1584 2748 6]

359 2774 416 2838 elii
444 2774 529 2838 idem
560 2772 600 2836 de
623 2769 840 2836 Demosthene
871 2770 1079 2850 scripserunt,
1103 2790 1186 2836 nunc
1209 2773 1290 2838 nihil
1314 2774 1457 2839 adrem.
1507 2773 1586 2837 Con-

361 2899 475 2946 sensus
499 2879 623 2944 Laertii
645 2877 890 2960 Porphyriique,
914 2881 951 2940 ut
974 2877 1055 2956 dixi,
1086 2878 1127 2942 ad
1151 2878 1304 2944 Sabinum
1328 2877 1376 2966 [et
1400 2879 1585 2945 Chamaele-

359 2986 481 3070 ontem]
529 2986 594 3050 iam
640 3004 660 3050 a
706 2983 885 3066 biographo
931 2983 987 3048 illo
1033 2990 1242 3065 provocatum
1289 3004 1360 3052 esse
1406 2986 1586 3052 certissime

508 3112 526 3157 r
547 3098 571 3158 t.

358 3095 704 3281 ἀθωοδδιΡλπρίιηιίιπ
734 3203 767 3263 at
789 3197 968 3262 Favorinus
998 3194 1097 3285 [apud
1119 3198 1285 3264 Laertinm
1313 3196 1411 3286 1113]
1440 3200 1585 3281 Aeginae

359 3313 472 3374 natum
498 3325 569 3373 esse
592 3307 703 3371 dicunt
726 3305 904 3385 Platonem,
928 3304 991 3369 nisi
1014 3305 1100 3387 quod
1123 3305 1176 3370 hio
1199 3307 1401 3372 accuratiora
1423 3307 1581 3388 prodidit:

569 3482 736 3536 Laertius.
967 3479 971 3570 l
1085 3481 1279 3550 Anonymus
1296 3499 1323 3550 p.
1343 3484 1368 3549 6,
1389 3484 1421 3536 19
1441 3497 1499 3549 sqq.

356 3625 411 3693 καί
433 3624 595 3713 ἐγεννήθη
611 3625 694 3691 κατά
716 3649 809 3702 τινας
830 3625 867 3691 ἐν
882 3628 944 3689 At·
997 3625 1035 3692 δν
1057 3624 1147 3712 τόπῳ
1170 3625 1209 3690 δὲ
1235 3630 1348 3706 γέγονε
1371 3628 1408 3714 τῇ
1432 3627 1558 3711 Αἰγίνη,

356 3739 429 3824 γίνῃ
452 3732 489 3800 δν
511 3741 548 3826 τῇ
572 3732 753 3799 Φειδιάδου
775 3736 863 3814 οίκίηι
886 3735 944 3798 τοῦ

356 3841 522 3928 Θάλητος,
555 3838 601 3916 ὥς
636 3857 731 3927 φησι
764 3845 943 3927 Φαβωρί-

356 3972 420 4024 νος
442 3948 486 4014 ἐν
508 3948 747 4039 παντοδαπῇ
771 3946 942 4034 ίστορίᾳ,
997 3949 1054 4013 τοῦ
1093 3944 1215 4033 πατρὸς
1254 3941 1356 4012 αὐτοῦ
1394 3948 1582 4030 Λρίστωνος

430 4213 466 4285 ⁸⁰)
486 4212 561 4268 Idem
579 4213 762 4270 Nietnschaus
787 4214 892 4282 [progr.
915 4229 943 4281 p.
961 4212 990 4284 5]
1014 4217 1043 4265 st
1066 4209 1298 4266 Frendeuthalius
1321 4225 1348 4278 p.
1367 4211 1420 4266 304
1444 4209 1581 4264 ridemmt.

356 4303 414 4358 Iam
445 4301 523 4356 rides
554 4318 635 4371 quam
666 4301 765 4357 callide
795 4301 871 4356 hirta
900 4316 950 4356 sua
978 4299 1101 4354 misellus
1130 4299 1184 4354 istc
1211 4299 1338 4354 Laertius
1368 4296 1581 4354 dissimulaverit

355 4391 402 4461 [ci.
421 4407 447 4460 p.
459 4393 495 4446 44
513 4391 560 4462 n.].
