3420 5408
348 445 390 510 78

348 623 376 688 si
399 623 528 706 quidem
544 621 668 690 Gellius
684 621 760 689 XIV
775 621 794 688 3
819 621 893 688 inde
910 641 945 688 sc
961 621 1108 690 hausisse
1124 620 1261 690 fatetur:
1289 619 1373 710 Qui
1384 623 1428 689 de
1446 623 1575 689 Xeno-

342 729 514 815 ptionti's
536 730 806 816 Platonisque
829 729 916 794 vita
939 736 976 794 et
996 729 1180 795 moribus
1195 730 1358 818 pleraque
1372 729 1487 796 mnni‘o
1509 751 1575 796 en-

347 836 622 922 quisi'tissime
636 837 852 923 scripsere,
870 859 939 902 non
953 836 1085 924 afuisse
1099 837 1139 902 ob
1149 837 1199 902 cis
1209 839 1486 923 motusquosdam
1497 838 1576 903 tioi-
1679 825 1680 846 ¹

346 950 397 1008 tos
407 949 439 1007 et
446 944 584 1009 occultos
594 944 779 1009 simultatis
790 943 1090 1029 aemulationisque
1100 949 1240 1010 mutuae
1244 949 1456 1031 putaverunt
1463 945 1578 1009 eteius

349 1045 404 1112 rei
414 1055 617 1132 argumento
631 1050 793 1134 quaedam
807 1050 1005 1115 coniectaria
1021 1071 1065 1116 ex
1078 1071 1195 1115 corum
1207 1050 1341 1137 scriptis
1347 1051 1575 1136 protulerunt.

438 1156 581 1220 Primum
605 1162 676 1221 crat
700 1158 785 1238 quod
809 1159 894 1240 apud
918 1158 1084 1223 Laertium
1112 1163 1277 1239 quartum:
1310 1157 1411 1243 ‘quod
1429 1178 1535 1242 mque
1555 1180 1576 1221 a

349 1263 490 1327 Platone
520 1262 560 1327 in
586 1269 634 1328 tot
662 1285 803 1329 numero
830 1264 928 1329 libris
955 1264 1078 1329 metatio
1108 1286 1258 1351 unquam
1269 1265 1370 1348 faeta
1399 1262 1448 1328 sit
1467 1265 1575 1328 Xeno-

347 1370 485 1454 phontis
507 1391 611 1455 neque
634 1369 710 1434 item
733 1377 848 1435 contra
875 1372 916 1437 ab
937 1393 972 1436 eo
996 1371 1035 1436 in
1057 1371 1132 1437 suis
1151 1370 1251 1436 libris
1272 1369 1438 1443 Platonis,
1463 1392 1576 1455 qnam·
1679 1423 1680 1446 ,

349 1498 451 1561 quam
476 1483 614 1562 uterque
636 1499 675 1542 ac
697 1476 845 1542 maxime
860 1479 960 1543 Plato
975 1477 1200 1564 complurium
1218 1476 1366 1544 Socratis
1381 1482 1576 1542 sectatorum
1679 1479 1680 1488 ’

352 1583 392 1647 in
413 1583 620 1648 sermonibus
641 1605 724 1669 quos
744 1584 881 1670 scripsit
900 1585 1171 1651 cornmemi'nerit.

456 1691 500 1753 Id
519 1688 619 1754 etiam
642 1711 709 1754 esse
731 1713 800 1754 non
821 1690 969 1756 sincerae
995 1713 1100 1776 neque
1124 1689 1251 1756 ammae
1276 1691 1461 1757 uoluntatis
1489 1691 1576 1756 indi·

353 1795 443 1860 cium
470 1795 700 1869 crediderunt,
730 1798 822 1883 quod
846 1799 1031 1884 Xenophon
1059 1798 1174 1864 inclito
1202 1798 1261 1864 illi
1284 1800 1381 1885 operi
1407 1800 1574 1872 Platoroos,

351 1903 442 1987 quod
464 1903 513 1966 ‘de
534 1901 655 1986 optimo
677 1909 766 1968 statu
790 1905 988 1992 reipublicae
1009 1905 1309 1971 administrandae
1335 1904 1499 1993 scriptum
1521 1909 1575 1978 est,
1679 1951 1680 1974 i

352 2008 443 2073 lectis
465 2030 509 2072 cx
534 2030 570 2074 co
600 2010 728 2074 dnobus
742 2010 826 2096 fere
855 2010 962 2086 libris,
988 2011 1052 2098 qui
1069 2009 1184 2099 primi
1204 2010 1244 2077 in
1266 2013 1385 2098 volgus
1407 2011 1575 2084 exierunt,
1679 2001 1680 2060 Ϊ

352 2114 504 2199 opposuit
524 2121 639 2180 contra
662 2116 918 2203 conscripsitque
943 2117 1115 2183 diversum
1136 2118 1251 2204 regiae
1271 2116 1579 2184 administrationis
1679 2125 1680 2130 ’

348 2243 463 2305 genus
485 2223 576 2306 quod
595 2222 743 2297 παιδείας
758 2222 871 2308 Κύρου
894 2223 1095 2309 inscriptum
1110 2231 1182 2290 cst'.
1221 2226 1292 2290 Hoc
1313 2225 1400 2307 apud
1415 2225 1578 2290 Laenium

354 2329 490 2394 alierum
516 2335 567 2393 cst
591 2334 824 2410 argumentum.

447 2436 508 2498 ‘Eo
530 2435 629 2519 facto
656 2433 841 2520 scriptoque
866 2435 942 2500 eius
970 2458 1075 2522 usque
1102 2443 1292 2523 permotum
1315 2459 1382 2502 esse
1407 2436 1579 2502 Platonem

352 2541 481 2614 ferunt,
509 2546 549 2604 nt
568 2543 710 2626 quodam
739 2541 778 2604 in
800 2541 884 2606 libro
913 2541 1078 2606 mentione
1102 2541 1186 2628 Cyri
1212 2541 1305 2627 regis
1326 2541 1437 2608 habito
1461 2546 1579 2606 retroc-

354 2647 455 2712 tandi'
467 2647 664 2732 levandique
677 2647 753 2712 eius
767 2648 876 2732 operis
893 2649 1013 2732 gratia
1028 2648 1145 2713 airum
1162 2648 1296 2734 quodem
1313 2651 1439 2736 Cyrum
1455 2669 1579 2713 navum
1679 2669 1680 2672 ’

354 2759 387 2817 et
405 2760 581 2818 strenuum
592 2753 712 2839 fuisse
733 2753 864 2820 dixerit
884 2756 1039 2830 παιδείας
1061 2756 1098 2820 δὲ
1121 2751 1178 2822 αὖα
1201 2753 1313 2842 ὀρθῶς
1326 2751 1439 2843 ἧφθαι
1464 2757 1502 2820 ια’
1520 2775 1579 2819 aa·
1679 2825 1680 2832 χ

356 2860 476 2946 ραααν’
506 2860 558 2944 [cs.
584 2862 691 2942 legum
714 2861 762 2926 III
787 2865 850 2926 694
868 2863 915 2946 c].
940 2863 1064 2928 Laertii
1087 2863 1229 2929 tertium.
1679 2953 1680 2964 ἵ

448 2968 636 3032 ‘Praeterea
664 2974 790 3054 putant
821 2968 861 3032 id
884 2989 1011 3055 quoque
1038 2971 1087 3033 od
1111 2968 1176 3034 ista
1203 2989 1289 3054 quae
1314 2967 1397 3034 dini
1423 2969 1577 3039 accedam,

355 3076 447 3160 qnod
458 3075 643 3159 Xenophon
667 3074 818 3140 inlibris
840 3098 922 3161 quos
936 3075 1111 3143 ‘dictorum
1133 3081 1231 3162 atque
1241 3076 1420 3160 factorum
1436 3073 1581 3144 Socratis
1679 3083 1680 3158 J

358 3180 618 3245 commentarios*
634 3181 823 3269 composuit,
850 3187 953 3267 negat
965 3182 1132 3251 Socratem
1155 3181 1195 3246 de
1216 3180 1301 3247 coeli
1319 3187 1417 3267 atque
1438 3187 1580 3246 naturae

356 3286 469 3350 causis
502 3286 752 3374 rationibusque
787 3310 938 3374 unquam
973 3287 1204 3375 disputavisse,
1240 3311 1279 3352 ac
1309 3309 1352 3352 nc
1385 3287 1580 3374 disciplinas
1679 3327 1680 3338 ι

357 3391 491 3478 quidem
513 3399 635 3458 ceteros
655 3416 741 3480 quac
761 3395 947 3480 μαθήματα
974 3393 1098 3460 Graeci
1117 3394 1301 3482 appellant,
1330 3415 1415 3479 quae
1442 3395 1490 3458 od
1509 3395 1581 3458 benc
1679 3391 1680 3394 ’

358 3501 505 3584 beateque
527 3499 705 3566 viacndnm
729 3525 797 3566 non
815 3509 1003 3588 pergerent,
1029 3508 1093 3566 aut
1110 3499 1262 3586 attigisse
1276 3507 1340 3566 aut
1353 3501 1577 3586 comprobasse,

359 3603 545 3691 idcircoque
575 3607 721 3692 turpiter
747 3631 801 3673 eos
828 3607 969 3673 mentiri
993 3607 1089 3681 dicit,
1119 3605 1183 3694 qni
1207 3605 1455 3672 dissertationes
1483 3604 1581 3670 istim

359 3713 453 3777 modi
478 3714 611 3780 Socrati
634 3715 860 3780 attribuerent.
910 3717 994 3780 ‘Hoc
1020 3719 1152 3788 autcm',
1183 3712 1361 3800 inquiunt,
1389 3713 1581 3798 ‘Xenophon

359 3841 434 3884 cum
457 3820 600 3906 scripsit,
626 3823 799 3886 Platonem
828 3820 978 3886 videlicet
1003 3827 1104 3895 notat,
1130 3819 1291 3885 incarus
1317 3819 1415 3885 libris
1436 3820 1582 3889 Socrates

355 3928 493 4014 physica
516 3936 549 3994 ct
567 3928 696 3994 musica
718 3936 751 3994 et
766 3930 966 4016 geometrica
988 3929 1149 3996 disserit’.
1195 3930 1265 3994 Hoc
1282 3965 1323 3974 -
1342 3947 1406 3993 non
1431 3933 1483 3992 sat
1504 3927 1580 3993 vali·

361 4035 436 4100 dum
459 4074 504 4083 —
527 4057 547 4101 a
569 4037 700 4102 Laertio
725 4038 893 4103 omittitur.

451 4145 500 4208 Ab
525 4144 737 4209 accusationis
761 4145 932 4210 momentis
956 4145 998 4209 ad
1014 4142 1232 4208 defensionem
1256 4161 1291 4206 sc
1308 4141 1433 4207 confert
1449 4139 1579 4207 Gellius.

361 4249 535 4316 Praeteriit
557 4252 658 4332 igitur
682 4249 769 4338 [nam
794 4252 833 4316 de
849 4259 981 4318 auctore
1005 4250 1163 4317 communi
1189 4249 1394 4331 cogitandum
1410 4244 1474 4334 cst]
1499 4249 1580 4331 quod

364 4358 448 4437 apud
471 4358 635 4422 Laertium
659 4365 710 4423 est
732 4361 870 4440 primum
894 4361 933 4424 de
950 4357 1077 4440 aequali
1105 4357 1260 4422 librorum
1284 4355 1421 4421 sisteris
1444 4355 1581 4419 omnium
