3420 5408
351 451 394 516 54

349 626 536 717 Laertiana:
569 624 750 690 adscribam
779 625 868 690 aliud
895 624 992 706 idque
1021 623 1245 707 gravissimum
1276 641 1315 688 ex
1341 623 1424 690 Iulio
1447 625 1582 691 Valerio

350 735 390 802 de
413 733 510 799 rebus
531 732 706 798 Alexandri
728 732 745 798 Ι
768 751 794 797 c.
814 733 854 796 13
880 731 927 815 [F.
944 731 984 797 H.
1003 731 1040 798 G.
1058 731 1106 796 III
1128 750 1160 813 p.
1179 731 1274 816 584]:
1298 732 1354 796 De
1373 753 1412 796 ea
1435 732 1583 816 [institu-

349 841 437 908 tione
465 839 641 906 Alexandri
669 840 791 924 magni]
818 837 854 904 si
877 836 964 925 quid
989 836 1163 924 mpuirere
1183 835 1369 904 studiosius
1398 838 1499 913 uoles,
1528 845 1587 904 sal

348 945 412 1014 liba
442 946 540 1012 lector
572 946 682 1012 habeto
712 967 875 1032 graecum
910 943 1079 1012 Fauorini
1108 943 1234 1010 lc'lrum
1272 943 1337 1032 qui
1372 944 1583 1062 ‘omui'gum

250 1093 255 1102 ·
348 1053 516 1121 historiae
536 1051 925 1140 superseminant
938 1051 1037 1118 atram
1052 1049 1280 1118 Alexandri
1261 1051 1432 1118 irmeneus
1445 1051 1579 1126 serrem,

348 1184 403 1230 cue
416 1159 555 1248 generis
567 1158 780 1246 principium
797 1158 1005 1246 praestitisse
1014 1160 1146 1245 ferunt
1162 1159 1328 1225 Oceanum
1347 1165 1381 1224 et
1397 1159 1580 1233 Tutiam,

349 1269 495 1356 euinque
527 1265 682 1357 fluxisse
720 1274 786 1354 per
823 1265 999 1333 Acrisium
1040 1267 1271 1354 Danaumque
1314 1272 1412 1353 atque
1456 1269 1582 1334 Persea

348 1377 532 1462 multosque
562 1373 648 1440 alios
676 1372 714 1438 in
744 1373 921 1442 Perdiccae
947 1393 1074 1458 genera
1103 1372 1157 1437 uel
1182 1371 1433 1460 Philipporum.
1485 1375 1581 1438 Nam

350 1506 392 1548 ne
410 1481 606 1570 Olympiadi
617 1479 751 1567 quidem
767 1503 858 1546 secus
873 1487 1025 1568 propago
1041 1501 1204 1565 generosa
1220 1487 1287 1555 ast·
1307 1502 1384 1548 cum
1398 1479 1582 1566 diligentia

344 1589 432 1678 pari
457 1613 478 1656 a
506 1589 632 1658 mundi
653 1587 826 1676 principio
850 1595 915 1674 per
936 1587 1126 1657 Saturnum
1154 1594 1251 1676 atque
1279 1589 1478 1676 Neptunum
1507 1594 1583 1653 tum

350 1695 449 1768 etcum
479 1697 657 1764 Telamona
680 1694 798 1762 serc‘em
818 1693 957 1781 generis
977 1693 1133 1760 adtexuit
1152 1696 1200 1760 ad
1219 1694 1421 1782 tertiumque
1440 1696 1581 1782 117111110-

350 1807 473 1870 lemum
507 1806 596 1870 docet
621 1801 817 1890 prosapiam
852 1801 1046 1888 defluxisse,
1082 1800 1183 1868 cuius
1215 1824 1306 1870 uuor
1332 1802 1497 1889 Anasafia
1528 1802 1580 1886 [l]

349 1918 455 1980 mater
480 1909 691 2000 Olympiadis
701 1909 794 1996 fuit.

439 2020 496 2086 III.
522 2020 610 2099 Qnae
647 2037 717 2084 cum
752 2019 800 2082 ita
836 2018 915 2096 sint,
951 2036 1066 2083 novam
1100 2015 1183 2082 hanc
1212 2035 1357 2100 propono
1385 2017 1580 2082 sententiam

352 2128 550 2209 ‘omnigenae
582 2124 740 2192 historiae
776 2124 898 2190 indices
927 2123 1190 2206 homonymorum
1226 2124 1337 2190 deberi
1366 2124 1578 2190 LaertIancs’.

350 2235 389 2304 In
410 2239 562 2317 promptu
578 2238 627 2300 est
651 2232 766 2317 quibus
782 2232 981 2313 argumentis
1004 2232 1093 2298 illam
1117 2233 1176 2298 siin
1192 2233 1453 2300 communitums.
1488 2231 1579 2298 Com-

351 2343 472 2426 parabo
497 2361 568 2408 cum
584 2341 735 2407 Favorini
758 2340 841 2405 libro
859 2339 986 2422 qualem
1001 2339 1095 2406 nohis
1118 2338 1267 2406 finximus
1282 2340 1424 2407 indicum
1444 2338 1578 2406 fontem.

440 2469 470 2516 a.
497 2449 577 2516 ‘Non
599 2448 763 2514 litteratos
786 2451 913 2511 tantum
937 2447 994 2512 sed
1016 2447 1139 2514 nobiles
1162 2447 1218 2513 ille
1233 2447 1378 2530 quisquis
1393 2447 1455 2514 fuit
1469 2465 1579 2512 recen·
1683 2495 1684 2518 2

353 2557 418 2622 suit
440 2555 668 2638 homonymos'.
708 2554 885 2620 Favorinus
909 2555 994 2620 inter
1017 2555 1082 2622 aha
1105 2555 1279 2637 scripserat
1301 2559 1396 2642 quot
1404 2553 1582 2638 fuerint
1683 2563 1684 2566 ’

352 2664 612 2750 Pythagorae
646 2658 801 2728 nobiles
833 2665 914 2746 quot
936 2660 1173 2748 Hippocratae.
1226 2662 1329 2740 Quid?
1365 2661 1451 2744 quod
1481 2662 1579 2727 etiam

353 2777 465 2840 auctor
478 2770 600 2836 Laertii
612 2767 761 2834 nobitas
775 2767 1308 2855 puotfuerinthtlzagorae
1321 2765 1578 2853 enurmeravit⁵⁷).

442 2877 473 2944 b.
500 2878 635 2943 ‘Indices
666 2895 705 2941 ex
733 2876 828 2941 docto
857 2875 995 2958 quodam
1024 2875 1202 2959 biographo
1230 2895 1293 2941 non
1321 2877 1416 2942 modo
1439 2877 1579 2960 philoso-

353 2986 489 3068 phorum
536 2985 674 3051 derivati
718 2985 800 3050 sunt'
813 2981 862 3067 ⁵⁸).
934 2981 1050 3065 Copias
1098 2983 1339 3065 doctrinamque
1382 2983 1578 3065 omnigenae

359 3122 363 3130 ’
403 3145 463 3218 ⁵⁷)
480 3145 615 3200 Levitatis
633 3143 813 3200 Nietascheus
831 3141 984 3212 culpandus
1002 3147 1053 3210 est,
1073 3141 1146 3210 quod
1163 3157 1190 3210 p.
1205 3144 1254 3198 197
1274 3142 1383 3197 scribit:
1402 3146 1440 3196 ‘E
1460 3162 1511 3194 non
1530 3162 1580 3195 om-

354 3256 400 3288 ues
418 3242 465 3288 sed
488 3245 519 3288 ut
539 3239 621 3287 Gellii
635 3239 721 3286 verbm
738 3239 870 3300 probatur
893 3236 990 3284 nobiles
1013 3240 1114 3286 tantum
1133 3241 1159 3284 ct
1178 3236 1302 3300 aequales
1323 3233 1503 3286 enumeravit.
1538 3233 1578 3288 De

353 3325 558 3394 aequalibus
576 3322 649 3393 apud
669 3322 787 3378 Gellium
804 3321 885 3391 plane
903 3320 980 3398 nihil.

426 3413 464 3484 5⁸)
483 3414 597 3469 Praeter
615 3410 787 3468 Demetrium
806 3417 834 3464 et
846 3388 1020 3464 Favorinum
1032 3412 1094 3480 περὶ
1114 3406 1267 3482 ὁμωνύμων
1286 3409 1398 3480 scripsit
1412 3409 1579 3482 ’Ayrpamoiv

357 3504 448 3574 [codd
468 3504 631 3576 Ἀγρεσᾳων.
668 3501 702 3554 K.
727 3499 790 3554 Keil
812 3499 978 3576 Αγερσιφῶν
997 3499 1033 3552 cf.
1050 3499 1213 3554 Volkmann.
1238 3515 1330 3568 progr
1353 3499 1486 3554 Portense
1512 3501 1578 3556 1873
1682 3505 1683 3560 j

354 3611 380 3663 p.
399 3594 446 3650 XI.
483 3593 517 3646 Ε.
536 3592 661 3646 Rohde‘
667 3589 822 3662 {apparavit
842 3589 1143 3668 [mus.rhen.XXXIV
1163 3588 1257 3662 [1879]
1277 3605 1303 3658 p.
1318 3587 1402 3658 621²}
1432 3589 1578 3644 Suid.s.v.
1682 3597 1683 3650 g

351 3683 525 3754 Ἀπολλώνιος
544 3683 629 3758 ἕτερος
650 3680 766 3742 Τυανεὺς
786 3675 934 3750 asliacum
953 3679 1078 3750 νεώτερος
1096 3679 1214 3752 γεγονώς
1227 3679 1266 3732 ἐπ’
1282 3677 1424 3748 Ἀδριανοῦ
1441 3679 1487 3733 τοῦ
1505 3688 1579 3750 βασι·
1682 3709 1683 3746 ι

354 3777 418 3834 liae
445 3771 485 3835 ὡς
511 3772 712 3843 Ἀγιρσιφῶν
740 3775 773 3848 tu
799 3771 839 3839 τῷ
868 3771 946 3839 περὶ
974 3766 1172 3842 ὁμωνύμων.
1207 3768 1255 3824 Ex
1280 3784 1345 3822 uno
1368 3768 1433 3823 hot
1452 3768 1527 3824 loco
1546 3770 1578 3824 da
1682 3795 1683 3826 ι

354 3861 611 3934 Agersiphonte-
634 3860 663 3914 id
687 3860 796 3928 quodf
783 3857 848 3914 fecit
873 3857 939 3914 Niet
940 3859 1056 3936 zacheus
1084 3858 1164 3936 [mus.
1193 3858 1270 3912 rhen.
1296 3858 1363 3914 XXI
1364 3858 1434 3928 Vp
1459 3860 1510 3914 227
1529 3860 1578 3928 so]

354 3944 733 4028 probaruntalii—facere
753 3947 925 4002 conIecturas
945 3947 1144 4002 nonlicet-
1164 3947 1320 4002 Exeorum
1339 3950 1402 4018 περὶ
1425 3945 1578 4021 ὁμωνύμων

355 4036 516 4106 scriptorum
536 4019 645 4104 genere,
671 4036 823 4104 exquibus
847 4044 910 4092 sunt
930 4037 1051 4092 Demet'
1017 4043 1086 4091 tuus
1105 4035 1258 4117 Favorinus
1276 4036 1464 4106 Agersiphon‚
1492 4037 1578 4092 seclu-

355 4125 436 4181 dendi
456 4131 519 4180 sunt
538 4110 670 4193 Didymus
691 4131 771 4178 att
736 4125 771 4178 Pt
773 4126 908 4181 olemaeus
927 4109 1151 4196 Hephaestionis,
1176 4126 1205 4179 id
1225 4125 1296 4192 quod
1315 4142 1370 4181 non
1388 4127 1528 4196 perspexit
1545 4127 1578 4181 D

354 4215 542 4271 Volkmannus
559 4212 597 4268 ib.
609 4230 637 4282 p
648 4213 736 4269 XVII.
767 4215 930 4286 Didymus
949 4217 1021 4272 enim
1037 4232 1132 4272 eornm
1144 4221 1250 4270 tantum
1268 4215 1453 4271 nonnullos
1471 4231 1577 4285 compo·

356 4305 419 4373 suit,
439 4304 486 4374 qni
504 4302 577 4376 opud
597 4304 717 4360 scenicos
735 4319 848 4374 graecos
867 4312 1051 4360 occurrerent.
1032 4305 1297 4360 tPtolemaeus
1317 4303 1471 4358 Chennus
1488 4321 1578 4360 emen·

356 4393 423 4474 titus
442 4400 484 4449 est
504 4393 689 4450 tantummodo
707 4394 910 4452 homericarum
928 4395 1043 4451 heroum
1063 4394 1244 4474 cognomines.
1282 4392 1323 4448 Cf.
1336 4394 1416 4450 Phot.
1434 4394 1502 4449 hibl.
1521 4395 1580 4450 cod.
