3420 5408
180 1387 252 1487 De
273 1383 562 1517 biographis
583 1383 784 1488 Graecis
803 1385 1118 1515 quaestiones
1138 1385 1365 1490 selectae.

244 1824 458 1932 Quamquam
496 1841 679 1906 litterarum
712 1857 900 1922 graecarum
940 1841 1126 1906 memoriam
1165 1843 1386 1925 explicantia

161 1949 285 2014 Laertii
297 1948 451 2031 Diogenis
467 1948 604 2022 historia
620 1948 813 2031 philosopha
827 1949 1016 2031 plerumque
1033 1949 1208 2030 exordium,
1226 1951 1254 2016 si
1270 1952 1384 2033 minue,
1496 2003 1500 2011 .

161 2057 380 2121 adiumentum
401 2057 618 2139 quaerendum
635 2062 694 2138 est,
719 2056 819 2122 nihilo
844 2057 949 2122 secius
971 2075 1031 2122 nec
1046 2056 1101 2121 diu
1117 2062 1168 2122 est
1184 2077 1254 2124 cum
1278 2060 1386 2126 studia

155 2162 208 2228 ita
238 2168 275 2228 ut
304 2164 397 2228 decet
425 2163 532 2246 coepit
561 2181 716 2244 occupare
753 2168 786 2228 et
814 2181 993 2245 perpaucos
1021 2163 1135 2228 habuit
1167 2166 1222 2246 qui
1257 2185 1386 2232 acema-

161 2270 246 2338 tiore
270 2271 451 2336 eruditione
475 2270 626 2336 instructi
650 2270 690 2334 de
714 2270 909 2352 compilandi
931 2272 1059 2337 ratione
1083 2271 1177 2336 etde
1200 2275 1385 2340 auctoribus

162 2379 376 2461 disputarent.
424 2377 622 2444 Adsumendi
646 2382 721 2442 sunt
750 2377 774 2442 ii
797 2378 939 2459 quinon
962 2383 1066 2444 totam
1089 2380 1310 2460 quaestionem
1330 2382 1387 2447 sed

161 2487 303 2570 aliquam
328 2487 397 2552 eius
419 2490 547 2567 partem
571 2489 800 2551 tractaverunt.
848 2485 917 2550 Iam
941 2504 1024 2552 anno
1051 2488 1136 2552 1788
1160 2488 1189 2553 J.
1214 2489 1385 2555 Rossius

162 2596 292 2678 quidam
315 2595 437 2660 Romae
468 2593 585 2658 librum
614 2592 830 2674 promulgavit
855 2593 1158 2659 ‘Commentationes
1182 2595 1384 2662 Laertianae’

161 2703 360 2785 inscriptum.
401 2701 683 2783 Exspectationem
698 2705 806 2765 tamen
822 2700 932 2766 elusit:
958 2702 998 2766 de
1017 2703 1125 2784 operis
1141 2703 1306 2768 Laertiani
1323 2704 1386 2770 ori-

162 2810 236 2892 gine
264 2811 340 2876 inde
374 2828 415 2875 ne
449 2808 612 2874 tantillum
642 2809 772 2890 quidem
801 2807 908 2873 didici.
935 2845 977 2854 -
1005 2809 1095 2874 Idem
1124 2810 1163 2874 de
1192 2809 1385 2892 Klippelii

161 2917 268 2983 iudico
292 2921 531 2999 programmate
556 2916 606 2980 ‘de
630 2916 668 2980 D.
686 2916 721 2980 L.
747 2916 814 2982 vita
838 2915 968 2998 scriptis
985 2921 1082 2998 atque
1106 2917 1139 2981 in
1154 2916 1291 2982 historia
1314 2916 1385 2998 phi-

160 3024 295 3106 losopha
311 3024 480 3090 scribenda
495 3023 697 3088 auctoritate'
724 3022 821 3106 [anno
841 3023 923 3087 1831
949 3023 1037 3088 edito
1053 3023 1244 3089 Nordhusae
1268 3043 1286 3088 a
1309 3043 1385 3106 pae-

161 3132 299 3213 dagogio
322 3131 538 3215 Ihlfeldensi]:
564 3131 688 3196 indoles
719 3130 837 3196 aetatis
864 3130 950 3195 illius
974 3136 1007 3196 et
1035 3130 1205 3213 disciplina
1228 3149 1248 3194 a
1270 3132 1384 3197 talium

161 3239 340 3304 studiorum
370 3238 599 3304 consuetudine
630 3237 834 3302 abhorrebat.
861 3274 902 3283 -
935 3236 1013 3301 Cum
1041 3238 1180 3319 tempori
1208 3238 1384 3302 cedendum

161 3351 256 3426 esset,
281 3347 396 3412 Bataui
420 3347 498 3426 duo,
529 3343 839 3410 Scheuerleerus
863 3349 897 3407 et
920 3343 1154 3425 Marresius‚
1186 3364 1224 3410 ex
1247 3345 1384 3410 fontium

159 3453 283 3519 Laertii
305 3464 441 3520 numero
463 3452 606 3534 singulos
636 3451 826 3533 delegerunt
854 3469 990 3534 quorum
1013 3451 1194 3534 fragmenta
1216 3472 1384 3537 compone-

158 3566 232 3626 rent
262 3567 296 3626 et
327 3564 627 3628 commentaremur.
671 3559 724 3623 ‘Et
748 3558 1057 3625 Scheucrleerus
1086 3561 1214 3643 quidem
1246 3561 1296 3626 ‘de
1320 3562 1383 3626 Dc-

158 3669 273 3734 metrio
299 3667 459 3750 Magnete’
493 3666 755 3732 dissertationem
786 3666 949 3749 [Lugduni
978 3669 1173 3735 Batavorum
1200 3668 1298 3752 1858]
1323 3667 1383 3734 Oo-

157 3775 234 3843 beto
258 3780 390 3840 auctore
413 3775 596 3840 institutam
618 3778 711 3838 tanta
735 3774 865 3855 scripsit
880 3775 1096 3858 neglegentia,
1120 3781 1158 3841 ut
1173 3795 1295 3842 summo
1312 3776 1381 3840 iure

157 3882 330 3965 praeteriri
354 3882 483 3948 silentio
507 3885 628 3963 posset,
652 3881 716 3946 nisi
736 3881 800 3946 ista
816 3882 856 3946 de
873 3883 1003 3948 Laertio
1021 3870 1163 3965 opinatio
1187 3902 1269 3965 quae
1285 3883 1380 3948 hodie

157 3990 341 4056 dominatur
368 3989 429 4055 hac
458 3989 550 4072 quasi
573 3988 681 4054 radice
710 3989 873 4054 crevisset.
923 3989 1064 4056 Credunt
1095 3990 1179 4055 enim
1210 3991 1295 4072 quod
1319 3991 1380 4055 iste

157 4097 309 4164 decantat
331 4097 531 4163 Demetrium
554 4096 739 4179 Magnetem
762 4096 927 4178 catalogos
949 4094 1212 4178 homonymorum
1235 4095 1381 4160 Laertia-

156 4225 215 4271 nos
244 4209 402 4289 quotquot
431 4205 637 4270 inveniuntur
664 4201 838 4268 confecisse
869 4203 955 4268 docti
981 4202 1181 4284 indoctique:
1212 4221 1381 4284 argumen-

151 4314 237 4379 tatio
261 4332 357 4398 quarn
381 4313 424 4378 sit
440 4331 523 4379 vana
538 4313 673 4377 mirarer
689 4311 774 4393 quod
790 4312 959 4377 nemodum
975 4309 1151 4391 perspexit,
1176 4308 1209 4372 ni
1226 4309 1380 4377 Schcuer-

155 4420 235 4486 leeri
262 4420 569 4504 disputatiunculam
598 4420 638 4485 ab
669 4438 778 4484 eorum
806 4419 861 4502 qui
889 4419 1034 4484 scribunt
1062 4415 1102 4480 dc
1131 4416 1253 4481 Laertii
1282 4437 1379 4500 opere

1187 4521 1219 4575 l*
