3432 5400
1334 467 1394 532 131

167 641 383 709 (1181110111
404 662 435 724 p.
453 641 532 726 212]
556 641 609 706 dni
631 640 777 727 μαλακίᾳ
801 639 999 728 διεβάλλετο,
1022 642 1088 706 καί
1110 644 1223 708 ἄλλοι
1246 644 1395 714 πολλοί.

166 749 241 814 Non
265 749 349 816 dixit
371 751 411 816 de
434 749 489 831 iis,
514 767 649 832 quorum
672 749 785 816 comici
807 749 996 836 meminere,
1023 769 1134 816 uerum
1157 751 1190 814 iu
1213 751 1397 818 universum

166 855 209 920 de
236 855 447 940 homonymis.
502 855 574 922 Scio
608 855 689 922 haec
723 857 792 924 sine
826 861 977 923 accurata
1012 855 1205 924 scholiorum
1239 861 1396 942 pervesti-

166 963 301 1044 gatione
331 964 373 1029 ad
407 964 563 1047 hquidum
596 981 759 1047 nunquam
792 963 926 1047 perduci
954 982 1064 1046 posse;
1100 985 1199 1030 unum
1233 966 1396 1032 addidisse

165 1069 293 1152 placet,
330 1071 567 1154 coniungendas
603 1089 674 1138 esse
709 1071 831 1137 indices
867 1070 1061 1137 scholiastae
1089 1091 1160 1139 cum
1189 1073 1306 1139 ceteris
1341 1073 1397 1156 qui

165 1182 344 1259 supersunt
365 1179 566 1264 maximeque
589 1179 786 1260 Laertianis,
814 1178 911 1261 idque
935 1197 973 1244 eo
996 1179 1114 1260 magis,
1139 1179 1397 1263 quandoquidem

164 1285 367 1368 biographus
382 1285 575 1352 Laertianus
598 1287 640 1352 ad
664 1286 856 1352 comicorum
878 1285 1064 1352 testimonia
1087 1287 1259 1353 adamabat
1282 1307 1397 1370 provo-

166 1411 257 1458 care:
288 1393 433 1460 conferas
460 1395 555 1460 modo
578 1393 724 1459 Platonis
751 1394 850 1460 vitam
880 1398 914 1460 et
937 1393 1089 1460 Socratis.
1136 1395 1201 1461 Fac
1223 1415 1301 1462 uera
1324 1413 1396 1460 esse

166 1519 252 1583 quae
275 1501 354 1566 dixi:
378 1500 550 1568 habebitur
572 1506 701 1584 tempus
724 1519 787 1584 quo
811 1500 933 1566 scholia
955 1501 989 1566 in
1012 1501 1262 1585 Aristophanem
1285 1509 1396 1568 vetera

167 1608 349 1690 composita
377 1614 453 1675 sunt
482 1609 629 1691 angustis
652 1608 799 1674 terminis
823 1609 1108 1691 circumscriptum.
1157 1609 1288 1676 Certum
1312 1612 1396 1677 enim
1494 1617 1498 1628 '

166 1721 227 1795 est,
252 1715 341 1798 quod
355 1716 388 1782 in
403 1716 632 1782 dissertatione
657 1716 707 1782 ‘de
724 1715 918 1798 Sibyllarum
933 1716 1101 1782 indicibus’
1126 1737 1158 1800 p.
1177 1721 1196 1782 2
1220 1737 1251 1784 n.
1270 1719 1394 1800 scripsi,

165 1822 367 1905 prompsisse
401 1842 441 1889 ex
474 1823 605 1890 scholiis
633 1823 803 1889 Aelianum
833 1822 886 1907 [cf.
917 1824 1015 1890 etiam
1044 1824 1080 1890 V.
1111 1825 1151 1889 H.
1180 1825 1267 1906 XIH,
1291 1828 1331 1889 17
1361 1831 1397 1891 01

167 1931 267 1997 schol.
301 1931 336 1996 in
364 1950 451 2014 vesp.
479 1932 595 2017 1490];
626 1932 820 1997 addiscimus
843 1948 927 1997 nunc
949 1930 1163 2013 biographum
1186 1932 1395 1996 Laertianum

166 2038 335 2104 Hadriano
359 2039 527 2122 aequalem
550 2039 636 2105 inter
652 2038 845 2105 scholiastae
860 2038 967 2105 fontes
983 2056 1054 2104 esse
1070 2035 1393 2121 numerandum¹⁴⁵²t

622 2321 652 2379 5.
671 2323 716 2380 110
733 2321 945 2380 Aeschinibns.

258 2466 448 2548 Apollonius
472 2484 544 2532 cum
566 2465 735 2531 Aeschinis
750 2465 958 2531 Atheniensis
981 2465 1080 2532 vitam
1105 2471 1282 2547 enarraret,
1299 2467 1394 2531 Eleu-

165 2575 242 2640 sinii
281 2575 476 2639 mentionem
514 2573 625 2639 iniecit
663 2573 804 2639 rhetoris
842 2573 1026 2655 homonymi
1065 2572 1250 2656 [biographi
1285 2575 1393 2655 graeci
1444 2599 1448 2603 ·

164 2681 308 2746 minores
336 2682 385 2747 ed.
420 2681 655 2747 Westermauu.
691 2699 724 2762 p.
749 2679 913 2763 166001
942 2670 985 2766 ἢν
1008 2679 1046 2746 dd
1074 2684 1129 2744 καὶ
1157 2683 1262 2768 ἕτερος
1289 2680 1393 2767 ῥητωρ

165 2790 323 2873 Αἰσχίνης
339 2781 546 2869 Ἐλευσίνιος,
575 2786 611 2862 ὃς
633 2786 690 2851 καὶ
713 2789 827 2868 τέχνας
849 2787 975 2868 λέγεται
998 2786 1165 2875 ῥητορικὰς
1186 2791 1391 2874 γεγραφέναι.

165 2895 290 2960 Eadem
325 2899 359 2959 01
391 2895 517 2961 minora
550 2895 700 2960 Laertius
726 2894 825 2958 1164
854 2895 1004 2960 tradidit:
1040 2892 1186 2981 δεύτερος
1215 2893 1392 2978 [Αἰσχίνης]

166 2998 184 3066 ὂ
206 3004 265 3077 τοὶς
287 3005 404 3084 τέχνας
425 2999 595 3089 γεγραφώς
616 2999 675 3076 τοὶς
699 3000 874 3088 ῥητορικάς.
910 3002 961 3067 Ad
983 3001 1196 3083 biographum
1211 3001 1246 3065 L.
1271 2999 1392 3065 referre

165 3109 371 3192 Apollonium
402 3128 586 3192 possumne,
623 3114 658 3175 at
691 3127 756 3175 uon
784 3110 940 3191 cogimur:
980 3113 1127 3174 vetamur
1154 3108 1214 3174 hac
1240 3108 1393 3173 Wilamo·

165 3217 264 3283 witrii
290 3217 537 3283 ratiocinatione
560 3215 676 3283 Photio
709 3217 778 3282 cod.
804 3217 988 3282 64111110.
1034 3216 1067 3280 Is
1092 3215 1222 3298 scripsit
1247 3211 1316 3281 ‘oda
1339 3213 1393 3295 ἐγ-

165 3329 266 3411 κρίνει
293 3323 330 3389 δὲ
358 3323 431 3408 [τὸν
455 3323 622 3410 Δηλιακὸν
648 3321 760 3409 λόχον]
784 3319 803 3390 ὁ
826 3324 992 3399 Καικίλιος
1013 3319 1085 3387 ἀλλ’
1110 3325 1269 3408 Αἰσχίνην
1291 3322 1393 3386 ἄλλον

165 3430 346 3520 σύχχρονον
372 3431 466 3498 τοῦδε
489 3429 677 3515 Ἀθηναίον
705 3431 764 3497 σὸν
792 3435 919 3517 πατέρα
948 3433 1033 3496 εἶναι
1062 3429 1244 3508 τοῦλόγου
1268 3427 1391 3513 φησίν,

165 3539 234 3604 scil.
263 3539 471 3604 Eleusinium.
526 3537 683 3604 Caecilius
718 3539 818 3621 igitur
852 3539 885 3603 in
914 3539 981 3604 vita
1009 3536 1178 3603 Aeschinis
1207 3535 1391 3617 ibidemque

165 3645 355 3728 Apollonius
382 3644 582 3711 Eleusiniam
612 3651 887 3726 memoraverunt,
924 3645 1107 3727 pendetque
1135 3644 1168 3708 in
1196 3642 1343 3724 plurimis
1372 3661 1392 3706 a

166 3752 305 3819 Caecilio
328 3751 518 3834 Apollonius
547 3751 650 3835 [velut
677 3753 710 3819 in
739 3750 1003 3818 antecedentibus
1027 3749 1066 3815 cl.
1089 3749 1260 3814 Westerm.
1286 3747 1389 3831 adn.]:

165 3865 313 3927 tenemus
335 3859 499 3943 Apollonii
527 3860 660 3925 indiculi
683 3865 848 3926 auctorem
872 3859 1054 3925 Caecilium.
1103 3858 1244 3935 Quocum
1268 3856 1392 3922 Laertii

166 3967 332 4049 catalogus
364 3966 514 4050 quoniam
548 3966 673 4033 vinculo
702 3968 841 4050 quodam
871 3965 1037 4045 cohaeret,
1072 3962 1271 4045 biographus
1293 3962 1392 4027 Laer-

164 4076 274 4141 tianus
296 4080 334 4140 ut
355 4074 556 4140 Demetrium
579 4074 763 4157 Magnetem
792 4081 827 4141 et
848 4074 1054 4140 Polemonem
1081 4071 1129 4135 110
1153 4070 1326 4136 Caecilium
1349 4071 1391 4136 ad

96 4245 104 4257 ,
165 4182 401 4264 componendos
424 4180 629 4262 cognomines
652 4181 870 4264 adsumpsisse
893 4177 1071 4246 censendus
1094 4181 1153 4241 est.

237 4321 306 4392 ¹4⁵⁸)
324 4321 401 4378 Vixit
425 4321 511 4391 igitur
535 4320 683 4377 scholiasta
706 4321 939 4390 -Symmachus
964 4348 996 4357 -
1021 4322 1085 4372 ante
1103 4315 1249 4370 Aelianum
1273 4319 1302 4370 ct
1327 4322 1391 4385 post

164 4411 345 4481 biographiam
363 4410 540 4466 Laertianum
557 4409 576 4468 i.
595 4426 619 4466 e.
638 4427 660 4466 c.
685 4412 825 4467 llo-200
842 4427 867 4480 p.
889 4409 953 4465 (ihr.
971 4423 997 4460 n.
1214 4495 1228 4528 *

1195 4497 1211 4549 9
