3420 5408
354 517 396 581 66

354 701 461 778 pavor
477 693 516 759 ἐν
533 692 774 783 παντοδαπῇ
792 691 961 778 ἱστορίᾳ·
978 692 1124 766 εἰπόντος
1139 693 1179 758 δέ
1193 715 1279 769 τινος
1293 689 1378 758 κατὰ
1392 687 1588 774 nactust)

353 799 441 864 aare
466 797 651 885 φιλόσοφον
673 803 758 866 εἶναι
781 797 841 866 τὸν
863 795 1026 882 ἐπιβάντα
1050 795 1228 866 ἀπέλυσαν.

443 906 613 988 Apuleium
637 909 747 973 statim
765 905 939 972 conficiam.
980 907 1137 988 Exposuit
1157 908 1311 972 nonnulla
1334 925 1417 988 quae
1432 906 1589 970 Laertius

354 1015 477 1080 omisit:
509 1015 550 1078 de
579 1015 694 1095 quibus
724 1014 800 1096 quid
828 1012 886 1079 fiat
919 1014 1101 1078 videndum.
1164 1013 1269 1094 Caput
1295 1013 1410 1095 Apulei
1445 1013 1588 1077 alterurn

356 1123 404 1186 sie
427 1121 554 1201 incipit:
583 1118 693 1184 ‘Talis
717 1119 830 1205 igitur
851 1143 890 1184 ac
911 1119 1085 1184 dotalibus
1102 1121 1200 1184 Plato
1223 1143 1291 1184 uon
1313 1121 1421 1185 solum
1444 1122 1587 1185 heroum

352 1225 537 1290 virtutibus
563 1225 750 1310 praestitit,
780 1247 897 1291 aarum
928 1225 1028 1291 elram
1052 1226 1286 1311 aequiparavit
1309 1226 1425 1292 diuum
1444 1233 1589 1313 potesta-

353 1332 449 1398 tibus.
475 1332 566 1395 Nam
579 1331 833 1417 Speusippus
843 1332 1075 1397 domesticis
1089 1333 1342 1398 documentis
1354 1333 1590 1399 instructus

354 1445 386 1504 et
412 1437 521 1524 pueri
551 1437 626 1502 ecus
658 1459 734 1502 acre
769 1438 808 1502 iu
836 1439 1048 1524 percipiendo
1084 1439 1262 1524 trigamam
1299 1447 1331 1505 et
1362 1441 1590 1506 admirandae

353 1544 571 1610 verecundiae
595 1544 737 1609 tudelam
760 1546 880 1610 laudat
900 1553 932 1610 et
946 1545 1153 1632 pubescentis
1168 1546 1347 1632 primitias
1365 1549 1474 1612 labare
1487 1555 1590 1634 atqua

353 1675 465 1718 amore
495 1650 655 1716 studcudi
680 1652 823 1716 imbutas
852 1654 959 1736 ripert
983 1658 1015 1718 et
1040 1652 1078 1717 iu
1113 1652 1187 1718 viro
1221 1655 1346 1719 harum
1382 1653 1589 1719 sacramenta

353 1759 521 1824 uirtutum
555 1764 587 1822 et
618 1764 803 1824 ceterarum
837 1760 1023 1824 convenisse
1056 1765 1214 1824 testatur’.
1266 1761 1445 1826 Favorinus
1472 1799 1517 1808 —-
1551 1766 1589 1825 ut

353 1869 417 1931 iarn
445 1867 522 1931 lieet
551 1867 658 1930 dicere
688 1886 747 1948 pro
776 1867 906 1931 Laertio
930 1867 977 1931 Ill
1005 1871 1018 1929 1
1055 1905 1093 1913 ——
1127 1885 1197 1932 curn
1230 1887 1306 1932 usus
1341 1869 1385 1932 sit
1413 1869 1588 1949 Speusippi

352 1974 540 2056 peridipno,
572 1976 641 2039 sine
664 1973 761 2038 dubio
790 1973 870 2037 illud
900 1992 1025 2056 quoque
1056 1974 1200 2055 fragmen
1232 1976 1261 2038 ei
1289 1975 1447 2055 praebuit.
1495 1977 1589 2040 Idem

352 2082 418 2144 iarn
447 2083 479 2144 iu
509 2082 645 2145 alteram
675 2081 762 2146 eadit
785 2081 902 2162 Apulei
929 2083 1148 2147 narrationem
1180 2102 1262 2164 quae
1293 2088 1342 2147 est
1371 2083 1411 2146 de
1435 2101 1470 2147 re
1493 2082 1589 2146 farni-

353 2189 427 2251 liari
452 2189 611 2253 Platonis:
647 2185 902 2251 Patrimonium
926 2187 965 2251 iu
987 2189 1121 2253 hortulo
1143 2187 1208 2274 qui
1227 2188 1425 2253 Academiae
1447 2189 1588 2253 iunctus

342 2293 429 2378 fuit
449 2300 481 2358 et
502 2293 540 2358 iu
568 2295 696 2358 duobus
717 2292 889 2358 mamistrie
914 2299 947 2357 et
971 2293 1010 2357 iu
1028 2300 1161 2379 patera,
1193 2317 1260 2381 qua
1287 2296 1342 2360 das
1367 2294 1584 2382 supplicabat,

353 2400 512 2486 reliquit·
551 2401 637 2466 auri
667 2406 799 2465 tautum
833 2407 999 2487 quautam
1029 2407 1119 2485 puer
1152 2400 1336 2466 uobi'litatis
1370 2402 1507 2488 i'usigme
1547 2403 1587 2466 iu

352 2507 511 2572 auricula
530 2507 684 2592 gestauit.

444 2615 581 2678 Restant
604 2614 703 2678 verba
726 2633 756 2693 p.
784 2617 846 2676 116
876 2612 998 2677 Pridie
1025 2613 1190 2680 Socratem
1209 2615 1366 2700 gemtum
1389 2615 1585 2701 accepimus.
1678 2609 1679 2688 i

354 2723 443 2799 Quae
467 2740 523 2785 our
547 2741 566 2784 e
590 2723 706 2785 ceteris
730 2726 917 2785 resecentur
940 2742 1003 2786 non
1026 2726 1086 2800 est,
1111 2720 1303 2802 praesertim
1328 2738 1398 2783 curn
1422 2720 1586 2800 Apollo·

354 2830 441 2893 dori
465 2829 611 2892 nitantur
639 2829 824 2893 testimonio
849 2829 971 2911 [Laert.
996 2830 1028 2893 Il
1051 2829 1126 2911 44],
1156 2846 1218 2908 quo
1247 2831 1374 2890 constat
1395 2845 1488 2891 usum
1513 2845 1586 2892 esse
1678 2835 1679 2918 l

354 2937 556 3002 Favorinum.
606 2936 696 3013 Quod
726 2938 753 3000 si
783 2956 846 3000 non
876 2938 908 3000 in
940 2937 1085 3000 Platonis
1117 2937 1183 3000 vita
1211 2935 1424 2998 Favoriniana
1453 2935 1588 2998 extabat
1678 2959 1679 3020 j

355 3049 442 3109 certe
467 3045 500 3108 in
523 3045 589 3109 vita
613 3044 769 3108 Socratis:
806 3046 839 3109 id
862 3045 947 3125 quod
971 3045 1120 3107 Laertius
1143 3043 1163 3106 l.
1190 3061 1216 3106 o.
1242 3041 1417 3106 confirmat.
1471 3041 1588 3105 Totern
1678 3091 1679 3116 p

355 3151 455 3231 igitur
477 3151 594 3232 Apulei
617 3153 716 3218 vitam
740 3152 886 3217 Platonis
909 3151 1067 3216 Favorino
1091 3150 1393 3216 vindicavimus-
1414 3149 1463 3212 Ad
1486 3149 1587 3214 Laer·
1678 3159 1679 3224 ς

356 3259 436 3322 tium
460 3263 615 3330 revertor.
1678 3241 1679 3244 ¹

447 3365 480 3430 Si
503 3384 567 3429 non
590 3365 797 3445 purissimum
821 3369 855 3427 at
878 3364 1071 3428 ditissimum
1094 3364 1217 3428 Laertii
1245 3362 1366 3427 fontem
1395 3362 1586 3442 deteximus
1678 3445 1679 3450 ἵ

357 3474 409 3537 cui
432 3477 621 3556 quantum
647 3471 763 3535 debeat
786 3471 889 3551 rnagis
913 3471 1016 3535 adhue
1040 3472 1227 3552 praesagire
1243 3489 1337 3551 quarn
1355 3475 1444 3534 certa
1458 3471 1588 3534 ratione

357 3581 433 3644 lieet
457 3580 653 3660 dignoscere.
707 3579 753 3642 Ao
781 3579 919 3657 primunr
943 3578 1070 3659 quidem
1099 3580 1132 3642 in
1161 3578 1315 3642 ‘Platonis
1343 3578 1418 3642 vita’
1449 3595 1588 3642 eommo-
1678 3643 1679 3646 ,

358 3686 494 3750 randum
518 3689 582 3766 est,
612 3702 650 3747 ea
673 3689 710 3747 ut
733 3684 928 3764 indicentur,
954 3704 1036 3766 quae
1059 3685 1218 3750 Favorino
1242 3703 1305 3748 non
1330 3683 1586 3764 adsignarunus:

414 3812 445 3873 p.
461 3794 512 3871 69,
538 3793 671 3855 20-24
695 3791 783 3855 Mors
808 3791 1027 3873 [Hermippus
1052 3793 1239 3876 Neantlresl.

540 3899 671 3961 26-27
696 3898 803 3978 Pagus
827 3898 993 3982 [Antileo].

542 4005 673 4068 32-34
697 4005 810 4069 Dionis
835 4006 986 4087 ohoregia
1010 4005 1273 4089 [Athenodorus]

542 4114 674 4177 42—44
698 4112 820 4177 Nomen
846 4111 1047 4195 [Neanthesl

416 4241 447 4302 p.
463 4223 514 4299 70,
563 4222 629 4282 4-
653 4221 671 4282 5
696 4220 766 4285 Vox
789 4219 1014 4302 [Timotheusl

433 4449 470 4519 69)
489 4450 573 4505 Codd.
593 4449 659 4504 ἀλλὰ
678 4451 744 4503 κατὰ
764 4451 877 4503 παιδιὰν
897 4448 1054 4519 arationum.
1092 4451 1270 4518 Transposuit
1289 4449 1522 4504 Wilamowitzitls.
