3420 5408
348 447 390 512 80

347 624 494 706 dialogus
524 623 638 690 Leonti
670 625 852 707 adscriptus
882 622 914 713 [S
942 628 983 692 62
1013 631 1098 692 teste
1126 626 1218 694 Nicia
1254 624 1502 716 Nicaeensi]⁸³);
1536 649 1574 697 ex

346 732 511 814 incerto,§
535 734 577 797 48
602 732 722 814 dialogi
745 730 953 814 inuentor⁸⁴).

437 839 487 904 Ad
516 838 610 904 huius
638 839 870 923 disputationis
897 838 993 905 finem
1017 844 1207 922 peruentum
1231 846 1290 906 est.
1338 841 1402 908 Res
1427 843 1572 925 disperse

346 951 379 1011 et
402 944 516 1010 diffuse
539 946 644 1010 dictas
667 951 704 1010 ut
727 946 870 1013 breviter
894 948 1103 1029 complectar:

438 1053 705 1134 autographi
734 1054 794 1119 sui
827 1055 948 1120 vitam
976 1055 1158 1121 Platonis
1193 1054 1451 1135 interpositis
1478 1073 1571 1120 non-

345 1161 471 1225 nullis
506 1179 550 1225 ex
579 1161 765 1227 Favorini
800 1162 1224 1243 apomnemoneumatis
1257 1161 1571 1226 narratiunculis

345 1273 383 1332 et
406 1267 566 1332 aliunde
589 1268 628 1331 iu
653 1273 777 1333 artum
800 1268 989 1334 Laertius
1018 1269 1184 1351 redegit.
1232 1267 1318 1332 Nisi
1346 1269 1473 1334 omnia
1494 1269 1571 1334 fal-

344 1375 432 1438 lunt
455 1374 533 1437 iste
558 1379 646 1438 erat
668 1374 891 1440 Favorinus
914 1375 953 1440 in
979 1376 1202 1463 ‘omnigena
1224 1375 1420 1442 historia’.

435 1479 568 1543 Eidem
594 1480 717 1560 igitur
739 1479 882 1544 haecce
905 1481 1021 1546 debet
1044 1481 1283 1547 testimonia.

344 1587 562 1651 Alexandrum
779 1587 935 1652 Duridem
1173 1587 1412 1673 Panaetium⁸⁶l

345 1694 541 1774 Antigonum
781 1693 891 1776 Epigr.
917 1694 1111 1777 sepulcralia
1173 1696 1319 1762 Platonis
1331 1697 1523 1762 Anterastas
1538 1701 1570 1762 et

344 1801 566 1865 Anaxilaidem
780 1800 1015 1866 Erasistratum
1218 1803 1382 1870 Critonem
1392 1800 1433 1888 ⁸⁶)

344 1907 576 1988 Apollodorum
781 1906 1021 1988 Euphorionem
1172 1911 1377 1977 Polemonem

347 2015 555 2079 Aristotelem
781 2013 974 2094 Eupolidem
1174 2017 1326 2084 Sabinum

347 2120 574 2186 Callimachum
781 2119 994 2202 Hermippum
1174 2123 1342 2190 Seleucum

347 2227 626 2293 Chamaeleontem
781 2226 1016 2296 Hermodorum
1174 2231 1368 2296 Simonidem

346 2331 535 2398 Clearchum
739 2335 744 2338 ’
781 2333 1015 2416 Hippocratem
1173 2337 1388 2419 Speusippum

344 2439 544 2504 Demetrium
567 2441 751 2522 Magnetem
780 2440 987 2507 idomeneum
1173 2443 1401 2525 Theophanem

345 2545 545 2610 Demetrium
569 2547 760 2612 Phalereum
781 2547 989 2614 Menodotum
1173 2551 1413 2633 Theopompum

344 2652 577 2718 Dicaearchum
781 2654 961 2721 Neanthem
1173 2657 1383 2740 Thrasyllum.

780 2761 905 2828 Niciam
928 2763 1138 2830 Nicaeensem

436 2888 466 2950 2.
492 2887 648 2952 Dioclis
671 2887 709 2950 in
740 2888 823 2952 vita
846 2888 1026 2954 Platonis
1049 2890 1200 2955 nullum
1228 2896 1427 2972 comparet
1450 2889 1567 2956 vesti·

345 2989 507 3075 gium⁸').

416 3220 454 3291 ⁸3)
472 3223 572 3276 Athen.
591 3223 631 3276 xl
649 3239 676 3290 p.
695 3225 747 3278 506
767 3223 801 3278 0:
827 3222 862 3286 ὡς
884 3227 930 3278 καί
951 3224 1068 3281 ’Λλκυών
1091 3229 1205 3286 Λέοντος
1230 3227 1276 3280 τοῦ
1296 3225 1504 3300 Ἆκαδημαϊκοῦ,
1533 3223 1567 3288 ὥς

345 3331 409 3380 φησι
429 3318 550 3372 Νικίας
569 3309 583 3366 ὁ
605 3313 760 3375 Νικαεύς·
780 3315 873 3375 Laeti.
888 3314 906 3368 l.
919 3329 943 3368 c.
962 3309 1001 3369 ὧν
1018 3313 1033 3382 ἢ
1048 3313 1165 3370 Ἀλιινών
1178 3313 1291 3378 Λέοντός
1309 3337 1380 3377 τινος
1399 3321 1470 3372 εἶναι
1488 3318 1567 3383 δοκεῖ,

344 3399 419 3452 καθά
439 3420 503 3469 φησι
521 3407 722 3472 Φαβωρῖνος
741 3407 773 3456 ἐν
792 3405 833 3474 τῷ
852 3407 988 3476 πέμπτῳ
1008 3407 1069 3458 τῶν
1087 3403 1456 3478 ἀπομνημονευμάτων.

415 3487 450 3559 84)
470 3490 609 3558 Excerpta
633 3506 667 3544 ex
690 3491 796 3545 Alcimo
820 3492 855 3546 ad
873 3493 1019 3560 Amyntam
1044 3494 1155 3561 scriptis
1178 3494 1246 3548 duas
1269 3495 1382 3564 paginas
1406 3495 1567 3550 Cohetianas

344 3579 509 3644 complentia
527 3595 596 3646 quae
616 3586 679 3633 sunt
704 3581 737 3634 de
761 3581 874 3635 Platone
894 3581 1051 3649 Epicharmi
1076 3583 1253 3650 compilatore
1277 3585 1370 3638 nescio
1395 3591 1488 3638 utrum
1511 3585 1566 3653 ipse

344 3666 495 3733 conlegerit
507 3669 634 3722 Laertius
653 3685 687 3723 au
706 3670 832 3723 conlecta
850 3670 958 3724 aliunde
979 3671 1055 3724 velut
1073 3687 1107 3724 ex
1126 3673 1420 3740 apomnemoneumatis
1440 3673 1568 3728 Favorini

344 3756 568 3824 transscripserit.
604 3759 740 3811 Alcimum
767 3759 898 3826 Stilpouis
920 3758 1084 3828 discipulum
1109 3767 1202 3814 censet
1220 3760 1447 3816 Wilamowituius
1466 3761 1566 3833 [Laert.

344 3843 370 3895 ΙΙ
393 3847 456 3914 114]
477 3845 640 3914 scriptorem
659 3849 810 3914 sarrienda,
831 3848 930 3915 quihus
949 3864 1014 3902 usus
1033 3855 1076 3902 est
1093 3849 1261 3904 Athenaeus.

416 3932 452 4003 ⁸⁵)
472 3935 513 3987 III
533 3937 566 3990 57
586 3935 771 4006 Εὐφορίων
789 3938 823 3990 δὲ
842 3939 896 3990 καί
915 3943 1104 3998 Παναίτιος
1130 3938 1274 4009 εἰρήκασιν.
1314 3939 1496 4009 Euphorio
1521 3940 1566 3995 de·

343 4022 425 4076 betur
444 4023 593 4077 Fauorino:
614 4024 676 4078 ideo
694 4023 752 4078 sine
772 4025 855 4079 dubio
873 4025 1060 4080 Panaetius
1081 4041 1201 4094 quoque.

414 4110 452 4181 86)
472 4112 551 4167 1123
575 4113 707 4166 ἀλλὰκαὶ
734 4119 772 4175 εἰς
795 4114 909 4187 Ἰσθμὸν
934 4115 1050 4188 [venisse
1074 4115 1225 4188 Socratem]
1250 4114 1286 4179 ὥς
1308 4125 1508 4190 Φαβωρῖνος
1534 4124 1567 4174 ἐν

343 4201 462 4272 πρώτῳ
482 4204 543 4255 τῶν
561 4202 930 4276 ἀπομνημονευμάτων.
955 4205 1015 4258 Hoc
1031 4220 1064 4258 ex
1077 4205 1219 4260 Critone
1232 4205 1354 4260 Platonis
1368 4207 1566 4277 reuitp.52B.

414 4289 450 4359 ⁸⁷)
474 4291 569 4358 Neque
594 4292 664 4346 enim
688 4293 860 4348 Athenodori
884 4293 926 4346 III
949 4296 966 4348 3
992 4293 1026 4347 de
1049 4295 1138 4349 Dione
1157 4295 1342 4348 testimonium
1370 4295 1433 4351 ideo
1451 4297 1568 4352 debetur

344 4379 469 4447 Diocli,
500 4381 573 4448 quod
604 4381 632 4434 in
657 4380 811 4436 Stoicorum
842 4383 977 4452 dogmatis
1008 4383 1166 4438 Diocleis
1190 4384 1243 4438 VH
1268 4386 1303 4440 68
1329 4385 1440 4440 citatur.
1492 4385 1567 4442 Sem·
