3432 5400
342 480 405 544 146

341 659 508 738 excerptos
532 671 602 720 esse
628 653 661 718 in
685 651 814 735 Sopatri
837 650 920 718 libro
943 650 989 717 Vl
1011 651 1097 718 solos
1113 652 1250 734 primum
1269 656 1418 734 quartum
1441 670 1560 718 nonum

341 762 506 828 decnnum.
553 761 587 826 in
610 777 668 825 sua
691 764 799 826 autem
823 759 1037 841 explicatione
1059 758 1141 824 nihil
1164 758 1306 826 ostendit
1319 759 1382 825 nisi
1403 760 1560 826 sermonis

340 868 455 935 Graeci
477 869 702 951 ignorantiam.
741 885 852 933 verum
872 867 906 932 in
928 866 1101 948 propatulo
1124 871 1183 947 est
1207 872 1296 932 recte
1318 866 1518 932 intellectum
1540 885 1560 932 a

340 976 485 1042 Nanchio
502 975 630 1060 (Philol.
643 975 673 1042 V
685 975 773 1059 704).
808 974 986 1040 Favorinus
998 973 1104 1040 XXIV
1118 971 1219 1040 libros
1234 973 1400 1040 doctrinae
1416 973 1560 1041 confusa-

340 1103 420 1150 neae
440 1085 610 1166 congessit,
635 1083 745 1165 aisque
760 1081 888 1148 litteras
903 1100 968 1148 non
982 1099 1133 1149 numeros
1147 1082 1320 1166 inscripsit
1360 1101 1437 1164 ergo
1454 1088 1559 1148 actum

341 1198 391 1258 est
406 1193 446 1258 de
460 1192 563 1258 lexico
579 1209 638 1275 per
654 1191 814 1256 elementa
829 1189 966 1272 digesto,
994 1193 1101 1256 actum
1125 1189 1252 1254 omnino
1270 1189 1309 1256 de
1325 1188 1362 1257 0.
1378 1190 1419 1256 Η.
1437 1191 1559 1256 ordine.

340 1301 548 1384 homonymos
572 1299 696 1382 aliquot
719 1301 889 1380 congestos
912 1315 984 1364 esse
1007 1315 1027 1362 a
1050 1295 1155 1364 Gellio
1171 1297 1332 1363 audimus:
1358 1298 1416 1364 sed
1438 1298 1560 1363 nullum

341 1409 486 1491 suppetit
499 1408 681 1490 vestigium,
699 1424 755 1472 cur
770 1405 858 1470 ultra
872 1404 999 1470 Aeliani
1013 1404 1145 1471 Variam
1160 1405 1328 1472 historiam
1344 1405 1404 1472 hoc
1420 1407 1560 1472 studium

342 1515 520 1599 Omnigena
542 1514 694 1582 Favorini
717 1511 842 1580 iuverit
889 1512 1013 1578 nullum
1034 1513 1206 1596 vestigium
1229 1513 1382 1596 suppetit,
1407 1533 1463 1580 cur
1486 1514 1561 1579 Dio·

342 1641 440 1706 genes
463 1623 496 1688 in
519 1623 585 1688 suis
608 1622 871 1705 homonymorum
895 1620 1050 1703 catalogis
1072 1620 1201 1687 omnino
1224 1639 1302 1688 usus
1324 1640 1396 1688 esse
1411 1621 1561 1688 credatur

342 1730 493 1796 Favorini
516 1729 553 1795 0.
577 1730 617 1794 il
670 1747 745 1794 nam
768 1728 968 1794 Pittacornm
996 1728 1045 1812 (in
1072 1727 1187 1811 quibus
1210 1729 1434 1796 Memorabilia
1461 1730 1561 1795 nomi-

341 1839 472 1922 nantur)
495 1837 690 1919 peculiarem
713 1837 871 1902 rationem
895 1853 966 1902 esse
988 1835 1059 1918 ipse
1081 1841 1170 1902 recte
1193 1837 1377 1919 exposuisti.

431 1947 518 2028 Ergo
542 1963 582 2010 ea
605 1945 729 2029 species
746 1944 942 2027 Omnigenae
956 1943 1122 2010 Historiae
1144 1963 1226 2027 quae
1251 1949 1284 2010 et
1307 1963 1345 2011 ex
1368 1945 1464 2010 certis
1487 1945 1562 2012 reli-

342 2055 426 2138 qniis
455 2059 488 2118 et
518 2073 557 2119 ex
586 2058 673 2120 certo
701 2054 741 2118 de
769 2052 881 2120 ordine
911 2052 1096 2118 testimonio
1125 2053 1252 2136 exurgit
1278 2051 1410 2119 Variam
1435 2053 1564 2119 Aeliani

342 2162 520 2228 Historiam
546 2161 774 2243 potiusquam
802 2163 893 2226 tuum
917 2158 1023 2226 Cornu
1051 2158 1170 2242 copiae
1193 2160 1390 2244 aequiparat
1433 2166 1563 2244 potera-

343 2287 455 2334 musne
479 2267 567 2334 alind
589 2273 760 2351 expectare
780 2267 995 2333 aFavorino?
1017 2267 1177 2334 hominem
1195 2267 1315 2334 saeculi
1334 2267 1385 2334 sui
1400 2270 1564 2351 exemplar

344 2376 473 2442 mcmini
502 2375 674 2457 aliquando
702 2394 752 2441 me
781 2393 854 2441 enm
876 2392 1019 2455 vocasse,
1042 2374 1168 2441 soloece
1191 2375 1435 2456 atticissantem,
1459 2375 1563 2458 philo

343 2483 479 2565 sophum
506 2482 684 2565 rhetorem,
709 2483 847 2548 aulicum
869 2482 1031 2548 libertatis
1059 2481 1258 2565 iactatorem,
1288 2484 1466 2550 ennuchum
1488 2505 1565 2567 pru·
1701 2509 1702 2538 i

343 2592 489 2671 rientem,
514 2588 692 2670 cymbalum
714 2590 834 2672 mnndi,
862 2595 900 2656 ut
922 2590 1004 2671 Apio
1028 2588 1089 2656 fuit
1111 2590 1243 2658 meliore
1267 2597 1389 2673 aetate,
1415 2593 1471 2658 scd
1495 2611 1564 2659 sur·

345 2699 420 2764 dum
444 2697 630 2780 cymbalum.
666 2697 745 2764 facit
757 2698 833 2764 talis
856 2699 906 2764 vir
929 2696 986 2781 (sit
1001 2698 1095 2763 venia
1109 2699 1222 2783 verbo)
1246 2699 1287 2764 ad
1310 2704 1451 2766 aetatem
1475 2703 1565 2767 cuins

344 2805 442 2872 facies
465 2805 555 2871 vario
579 2805 707 2888 quidem
736 2806 842 2872 colore
871 2809 904 2871 et
930 2803 1027 2870 hilari
1053 2806 1151 2888 nitet,
1181 2807 1239 2873 scd
1260 2825 1299 2873 eo
1323 2807 1430 2875 colora
1453 2810 1509 2892 qui
1533 2811 1564 2876 in

346 2915 501 2980 cadavere
527 2914 730 2997 putredinem
764 2914 908 2996 proxime
938 2913 1114 2995 antecedit,
1143 2915 1208 2980 nisi
1234 2912 1319 2981 forte
1344 2914 1435 2983 lucus
1458 2923 1510 2983 est
1534 2923 1566 2985 et

344 3023 516 3106 paederos;
541 3026 682 3088 aetatem
698 3023 788 3088 cuins
804 3023 883 3088 deus
900 3026 950 3087 est
964 3021 1119 3104 exoletus,
1144 3022 1261 3088 decora
1276 3022 1420 3090 Graecae
1435 3023 1564 3106 linguae

346 3130 505 3196 Aristides
528 3129 682 3195 comitiali
704 3131 826 3212 morbo,
850 3129 986 3196 Latinae
1006 3129 1127 3196 Fronto
1150 3130 1294 3212 podagra
1318 3131 1452 3213 enecati,
1477 3133 1566 3200 deni·
1700 3171 1701 3202 r

346 3256 408 3320 qne
437 3236 490 3303 hic
518 3237 630 3302 Gallus
665 3237 698 3302 in
731 3242 869 3320 utraque
897 3237 1008 3320 lingua
1036 3236 1283 3321 disertissimus,
1314 3238 1402 3306 cuius
1429 3238 1565 3323 figuram

345 3345 476 3411 Polemo
500 3344 703 3410 adversarius
725 3345 759 3410 in
774 3344 1091 3428 Physiognomonicis
1114 3345 1162 3410 ita
1185 3345 1356 3428 descripsit
1378 3345 1479 3431 (apud
1494 3351 1563 3417 Vel.

345 3454 485 3519 Roseum
508 3451 567 3516 An.
585 3452 640 3517 Gr.
656 3451 689 3518 H
705 3453 760 3536 71)
783 3457 909 3518 uncam
919 3453 1085 3538 frontem,
1106 3461 1215 3538 genas
1228 3453 1351 3527 molles,
1375 3475 1412 3518 os
1432 3455 1562 3532 laxum,

345 3556 499 3624 ceruz'cem
522 3563 662 3632 tenuem,
688 3579 800 3624 crassa
822 3581 937 3634 crura,
957 3561 1056 3647 pedes
1076 3561 1193 3647 plenos
1214 3567 1383 3648 tamquam
1405 3566 1566 3650 congestis

347 3665 476 3752 pulpis,
500 3685 606 3730 vocem
617 3665 819 3750 femmam,
844 3669 940 3732 verba
962 3667 1153 3743 mulcham,
1179 3671 1322 3739 membra
1350 3676 1383 3735 et
1406 3671 1566 3738 artz'culos

345 3795 457 3838 omnes
478 3771 552 3838 scite
572 3772 689 3859 vigore
709 3775 808 3841 laxos
828 3782 861 3842 et
880 3775 1065 3844 dessolutos.
1104 3783 1213 3844 utrum
1233 3779 1292 3844 tali
1315 3779 1437 3845 homini
1460 3780 1566 3846 Omni·
1699 3777 1700 3820 ἕ

346 3898 429 3962 gena
462 3879 599 3946 historia
632 3882 759 3963 qualern
794 3902 853 3965 ego
888 3885 930 3950 ad
957 3885 1084 3952 Aeliani
1117 3886 1323 3968 praenestina
1357 3885 1566 3954 atticissantis

347 3988 527 4070 exemplum
566 3989 715 4073 discripsi
755 4007 796 4056 an
834 3995 925 4058 tuum
965 3991 1068 4060 omnis
1111 3991 1339 4076 biographioac
1377 3994 1566 4062 eruditionis

347 4096 603 4179 promptuarium
626 4098 795 4164 convenit?

436 4204 626 4270 Miraculnm
653 4203 733 4271 facis
759 4206 966 4288 Favorinum,
999 4206 1136 4274 alterum
1163 4207 1352 4274 miraculum
1379 4209 1563 4291 Diogenem.

347 4311 425 4393 qnid
441 4312 546 4376 enim?
581 4317 746 4378 curtante
760 4313 891 4379 molitus
908 4319 960 4380 est
973 4314 1117 4382 misellus
1132 4315 1238 4397 homo,
1257 4318 1346 4384 cuius
1358 4317 1565 4384 calliditatem
1698 4317 1699 4338 ³

347 4435 460 4484 vereor
477 4438 517 4483 ne
534 4418 620 4485 solus
635 4423 673 4486 tu
689 4420 800 4502 iactes,
825 4421 853 4486 si
875 4420 976 4490 nihilo
999 4422 1104 4489 minus
1120 4422 1209 4492 haus
1224 4424 1386 4507 perpluit?
1409 4443 1474 4507 qua
1496 4431 1564 4492 ten-
