3420 5408
349 469 391 534 62

554 634 722 714 Apuleius
954 644 957 732 l
1182 639 1345 704 Laertius

346 787 413 830 non
440 771 638 851 aspernatus
664 771 769 829 artem
802 771 930 852 tragoe·
978 760 1118 850 Ἰσθμοῖ,
1142 766 1237 831 καθά
1256 774 1312 832 καί
1328 771 1576 852 Δικαίαρχος

344 873 414 938 di'i's
457 879 489 937 el
534 871 753 958 dithyrambis
812 861 928 936 stilum
984 869 1028 935 lu
1048 866 1185 960 προίτῳ
1201 874 1415 958 περλβίων·
1445 873 1575 952 λέγεται

346 981 440 1065 [corr.
492 981 669 1060 Vseneru83
726 1001 760 1044 se
813 977 928 1044 utilem
985 975 1014 1040 δ’
1042 971 1090 1043 ὅτι
1117 981 1171 1044 καὶ
1197 986 1355 1066 γραφικῆς
1381 981 1576 1066 ἐπεμελήθη

346 1089 451 1173 codd]
477 1088 604 1166 finxit.
649 1089 786 1173 Iamque
807 1085 929 1152 cormi-
984 1085 1038 1148 καλ
1061 1082 1229 1171 ποιήματα
1246 1086 1392 1176 ἔγραψεν
1414 1094 1469 1152 καὶ
1483 1092 1573 1174 πρῶ-

344 1189 437 1262 num¹
463 1192 659 1281 confidentia
692 1191 800 1258 clatus
827 1199 929 1259 certo·
984 1214 1025 1255 τα
1047 1194 1108 1275 μὲν
1131 1191 1377 1281 διθυράμβουςτ
1402 1194 1511 1260 ἔπειτα
1533 1197 1575 1260 δὲ

344 1310 446 1369 larem
469 1325 503 1367 se
519 1301 676 1389 priifileri'
696 1302 858 1388 cupiebat,
889 1300 932 1366 ul
983 1303 1037 1362 καὶ
1058 1298 1139 1386 μέλη
1161 1307 1215 1364 καὶ
1234 1301 1431 1388 τραγῳδίας·
1456 1301 1572 1367 ἔπειτα

344 1412 493 1479 Socrates
514 1401 738 1475 humilitatem
757 1399 930 1494 cupidinis
983 1406 1110 1488 μέλλων
1147 1403 1360 1486 ἀγωνιεῖσθαι
1402 1401 1574 1496 τραγῳδίᾳ

343 1539 388 1583 eic
408 1517 483 1583 eius
504 1517 668 1582 mentibus
698 1503 881 1603 expulisset
900 1523 932 1581 et
984 1511 1048 1600 πρὸ
1081 1517 1139 1578 τοῦ
1174 1522 1390 1582 Διονυσιακοῦ
1413 1517 1570 1604 θεάτρου,

343 1647 440 1692 aerae
465 1624 579 1690 laudis
601 1624 752 1710 gloriam
785 1625 823 1689 i'n
856 1625 930 1690 eius
984 1618 1154 1707 Σωκράτης
1178 1619 1318 1698 ἀκούσας
1340 1624 1514 1710 κατίφλέξε
1529 1625 1572 1688 τά

343 1733 498 1808 animuin
521 1731 669 1797 inserere
690 1739 845 1798 curasset.
884 1736 932 1797 Et
984 1729 1151 1812 ποιήματα
1167 1731 1285 1797 εἰπάν·
1311 1729 1477 1816 ιἭφαιστε
1491 1732 1574 1819 πρά-

343 1848 439 1907 antea
472 1830 606 1928 quidem
640 1839 813 1904 Heracliti
846 1832 929 1905 seila
983 1835 1054 1919 μαλ’
1089 1830 1168 1901 ὦδε·
1203 1835 1344 1904 Πλάτων
1371 1838 1412 1905 νύ
1446 1861 1476 1903 τι
1503 1853 1571 1904 σεῖο

347 1949 467 2023 fuerat
486 1946 641 2023 imbutus,
659 1969 787 2023 oerum,
805 1972 880 2014 cuni
896 1971 929 2015 se
982 1943 1128 2025 χατίζιδ·
1425 1941 1428 1948 ’
1558 1937 1563 1942 ’

343 2054 476 2123 Socrati
515 2055 667 2130 dedisset,
713 2079 782 2122 nou
820 2057 928 2122 solum
983 2046 1179 2116 τοῦντεῦθεν
1215 2050 1254 2137 δυ’
1293 2051 1434 2135 γεγονώς
1467 2069 1573 2140 φασιν

345 2165 389 2248 [p.
416 2163 471 2248 65]
497 2162 634 2250 iugenio
657 2170 755 2250 atque
776 2164 927 2229 doctriua
983 2160 1102 2224 εἴκοσιν
1117 2157 1170 2243 ἔτη
1185 2157 1354 2246 διήκουσεν
1364 2159 1553 2248 Σωκράτους
1561 2179 1578 2232 ’.

342 2269 525 2340 Socrati'cos
549 2276 668 2336 ceteros
695 2269 785 2344 vicit,
810 2292 927 2335 verum

342 2378 441 2442 eliam
476 2379 584 2442 labore
613 2384 644 2442 el
676 2376 841 2463 elegantia
875 2376 928 2441 i'n·

343 2484 503 2550 lustravit
523 2482 722 2570 sapientiam
746 2484 785 2548 ab
807 2505 841 2548 co
864 2482 931 2548 sili

342 2591 512 2665 traditam,
542 2591 651 2656 labore
683 2611 748 2676 quo
777 2592 929 2655 adserere

342 2720 414 2764 eain
441 2697 540 2763 nisus
573 2701 634 2769 est,
669 2695 835 2782 elegantia
864 2704 928 2782 per

342 2828 443 2892 quain
481 2809 649 2869 venustate
688 2809 721 2868 et
761 2802 928 2868 maiestate
988 2843 993 2854 ι

342 2909 930 2998 uerborumci'plurimumadlii'bui'l

342 3017 532 3105 dignitatis.

342 3126 399 3191 III.
416 3125 484 3192 Sed
490 3129 704 3211 posteaquam
712 3123 860 3190 Socrates
870 3126 926 3189 lio·
983 3121 1104 3187 ἐκείνου
1127 3122 1163 3188 δ’
1187 3119 1395 3198 άπυλθόντος
1421 3107 1570 3210 Ιντρυσεΐχυ

343 3231 451 3296 mines
466 3230 613 3316 reliquit,
638 3229 811 3317 quaesiai't,
839 3233 927 3296 unde
983 3227 1135 3317 Κρατύλῳ
1157 3255 1190 3293 τε
1212 3233 1257 3318 τῷ
1274 3229 1497 3319 Ἡρακλειτείῳ
1512 3236 1568 3294 καὶ

336 3339 523 3425 proiceret,
569 3345 601 3403 et
634 3340 682 3403 ad
715 3340 928 3432 Pythagorae
975 3336 1156 3423 Ἑρμογένει
1194 3345 1237 3425 τῷ
1278 3330 1322 3402 τά
1359 3338 1568 3425 Παρμενίδου

342 3444 555 3534 disciplinam
578 3468 612 3511 sc
626 3445 775 3511 contulit.
817 3448 926 3532 Quam
982 3445 1232 3530 φιλοσοφοῦντι·

342 3553 405 3617 elsi
425 3553 555 3618 ratione
577 3535 738 3638 diligenti
749 3559 781 3618 el
793 3538 927 3639 magni-

336 3660 404 3743 fica
426 3659 625 3725 instinctam
647 3659 784 3733 ardebat,
810 3679 926 3724 oerum

342 3765 451 3832 lamen
461 3765 699 3858 continentiam
707 3759 740 3831 el
747 3765 926 3832 castitatem

342 3873 454 3961 magi‘s
490 3873 639 3962 cupiebat
682 3855 824 3938 imitari.
882 3874 930 3936 El

342 3983 432 4068 quod
443 3983 730 4069 Pythagoreorum
748 3979 927 4065 ingenium
985 4006 988 4010 ·
1007 3971 1019 3982 ⁴*

341 4085 505 4178 adiutum
527 4082 718 4173 disciplinis
744 4084 826 4150 oli'i's
855 4069 927 4150 sen·

341 4192 452 4267 li'cbal,
477 4193 524 4258 ad
546 4180 756 4258 'Theodorum
782 4193 929 4278 Cyrenas
982 4192 1093 4257 ἔπειτα
1115 4195 1160 4268 οἷς
1177 4190 1320 4281 Κυρήνην
1339 4189 1473 4279 ἀπῆλθε
1488 4191 1565 4280 πρὸς

342 4305 383 4363 ut
397 4295 615 4390 geometriam
631 4299 770 4365 disceret
784 4305 833 4364 cst
846 4307 927 4386 pro·
983 4301 1153 4390 Θεόδωρον
1174 4281 1232 4367 cir
1253 4293 1497 4388 μαθηματικόν·

337 4405 446 4485 fectus
467 4411 500 4470 ct
520 4396 735 4492 astrologiam
894 4399 899 4409 ’
984 4415 986 4420 ’
1311 4405 1313 4410 ’
