3420 5408
1352 461 1394 526 85

166 628 206 696 οὗ
229 629 330 715 μόνος
353 629 589 717 ὄΣταγειρίτης
605 627 822 719 Ἀριστοτέλης
845 630 990 700 ἐκαλεῖτο
1013 631 1100 700 ἀλλὰ
1123 644 1179 700 καὶ
1202 636 1297 704 ἄλλοι
1313 635 1397 725 Ἀρι-

167 741 324 816 στοτέλτις
352 740 498 822 ἐγένοντο
529 738 586 803 ἐπ’
615 738 752 824 αὐτοῦ,
783 737 826 816 ὥς
853 739 871 806 o‘
900 742 1110 830 παιδοτρίβης
1138 744 1192 809 καὶ
1221 742 1240 810 d
1263 744 1397 834 ἐπίκλην

166 845 338 936 μῦθος99).
380 849 429 914 Ad
445 841 672 940 'Ptolomaeum
694 848 754 914 hoc
776 849 852 937 περὶ
874 844 1056 934 ὁμωνύμων
1078 850 1292 935 fragmentum
1314 852 1396 919 reic-

167 957 304 1022 rcndum
328 961 387 1022 est.
429 957 472 1021 At
494 954 587 1021 fluxit
610 975 649 1021 ex
672 951 851 1040 Laertio⁹⁹)
875 957 930 1022 ubi
954 956 1016 1023 dno
1040 959 1088 1024 illi
1111 961 1166 1043 qui
1189 960 1397 1044 proferuntur

167 1064 307 1129 redeunt
341 1064 561 1147 cognomines!
614 1063 730 1128 Absint
764 1063 931 1146 ambages:
967 1065 1144 1132 aLaertio
1180 1069 1267 1134 nullo
1301 1074 1396 1152 pacto

168 1171 455 1254 aequalitatem
493 1170 621 1236 illorum
660 1171 884 1254 comperisset,
929 1189 1012 1255 quae
1049 1175 1156 1240 verbis
1193 1175 1247 1240 lul
1284 1175 1397 1242 roomo

168 1280 361 1345 continetur.
401 1280 479 1344 Inde
495 1279 603 1361 potius
618 1279 739 1360 pendet
754 1278 968 1360 Ptolemaeus,
993 1282 1077 1347 unde
1094 1268 1196 1348 totam
1212 1283 1397 1350 Aristotelis

167 1387 271 1452 vitam
292 1387 503 1470 —exceptis
531 1389 726 1450 testamento
759 1390 792 1451 et
823 1386 979 1452 librorum
1012 1388 1158 1474 catalogo
1187 1391 1397 1458 Androniceis

167 1532 213 1543 —
238 1495 371 1577 accepit,
396 1513 416 1559 a
438 1493 616 1576 biographo
640 1493 764 1559 scilicet
786 1494 970 1561 Laertiano.

262 1603 291 1668 3.
317 1602 481 1667 Leontium
505 1605 539 1666 et
562 1600 733 1683 gemellum
756 1601 972 1668 examinemus
995 1603 1224 1688 Ptolemaeum,
1248 1625 1311 1671 non
1335 1624 1397 1688 quo

169 1712 210 1777 de
237 1710 395 1775 Favorino
420 1709 562 1774 dubitem
586 1712 727 1790 auctore,
753 1710 984 1791 sedquoniam
1019 1711 1176 1796 adespota
1210 1732 1292 1796 quae
1323 1718 1399 1779 sunt

168 1819 202 1884 in
226 1817 357 1882 Laertio
382 1834 462 1899 opus
485 1819 537 1880 est
560 1812 822 1898 cognovisse¹⁰⁰).

501 1919 668 1976 Laertius.
912 1897 920 1934 ⁸
1011 1927 1014 2002 Ι
1098 1923 1326 1980 Ptolemaeus.

169 2005 1397 2118 ΠΜ

260 2141 404 2223 Linguae
426 2140 566 2206 balbitas
591 2137 844 2222 [Timotheus]
1071 2140 1302 2224 epigrammate

263 2248 415 2330 Corporis
438 2248 569 2313 habitus
593 2251 626 2311 et
649 2246 785 2311 vestitus

262 2354 447 2422 Nicomachi
470 2374 509 2421 ex
527 2353 717 2437 Herpyllida
740 2359 835 2437 pater
858 2354 997 2440 [Timo-

306 2462 435 2547 theus]

205 2575 235 2637 2.
260 2571 434 2636 APlatone
447 2567 598 2635 deficiens
611 2568 792 2634 Xenocrate
804 2569 997 2636 Academiae
1025 2591 1056 2654 p.
1075 2572 1110 2652 3,
1147 2573 1167 2635 6
1198 2590 1265 2654 sqq.
1296 2570 1397 2656 [hri-

304 2677 468 2760 praesecto
484 2678 623 2761 Lyceum
638 2677 763 2758 petivit.
805 2676 997 2761 [Hermip·
1071 2683 1276 2758 stoxenus,
1308 2678 1396 2744 Phi·

304 2785 388 2870 pus]
1069 2786 1267 2870 lochorus]

260 2891 511 2959 Narratiuncula
537 2890 578 2957 de
600 2891 782 2956 Alexandro

205 3005 236 3069 3.
261 3000 404 3066 Docendi
427 3000 511 3064 ratio

260 3109 412 3175 Hermiae
431 3107 563 3190 Bithyni
586 3110 712 3171 amator
735 3106 865 3187 amicus,
889 3106 996 3189 neptis

306 3217 441 3282 maritus
464 3213 706 3301 [Demetrius
728 3213 904 3298 Magnes]
929 3213 996 3279 sive

305 3323 406 3404 filiae;
465 3321 661 3389 concubinae
712 3325 838 3387 amator
895 3320 996 3406 [Ari-

307 3433 465 3514 stippus
503 3428 591 3515 napi
624 3427 801 3502 παλαιοῖς
839 3427 996 3512 τρυφῆς]

263 3540 402 3621 Nuptiae
414 3533 528 3623 [Lyco
542 3535 580 3602 oi.
591 3534 768 3601 Aristocles
781 3535 866 3616 apud
878 3533 995 3600 Enseb.

305 3667 353 3730 pr.
379 3665 426 3712 ev.
452 3645 510 3709 XV
534 3643 613 3727 792]

244 3895 282 3968 99)
301 3895 423 3950 Adnotat
440 3890 600 3947 Brandisius
618 3889 751 3945 ‘Ammon
770 3887 789 3942 f.
809 3887 839 3944 9h
857 3885 987 3960 γεγόνασι
1004 3884 1058 3960 γὰρ
1076 3888 1122 3941 καὶ
1149 3887 1232 3958 ἕτεροι
1255 3886 1393 3958 Ἀριστοτέ-

170 3992 225 4046 λεις
244 3978 282 4038 ὧν
299 3983 331 4038 τὰ
350 3979 551 4054 συγγράμματα
568 3981 614 4034 διὰ
631 3979 678 4046 τὴν
697 3973 858 4051 ὃμωννμίαν
875 3978 943 4040 τινὲς
961 3975 1089 4049 ἐνόμισαν
1103 3975 1310 4048 Ἀριοτοτὲλονς’.

244 4072 280 4144 99)
298 4073 323 4128 V
341 4073 376 4128 35
394 4074 512 4142 πέμπτος
531 4067 545 4124 ὁ
563 4071 714 4138 ἐπικληθεὶς
732 4071 821 4142 μῦθος
839 4073 970 4139 Αἰσχίνου
989 4068 1034 4122 τοῦ
1052 4065 1222 4137 Σωκρατικοῦ
1243 4063 1392 4139 γνώριμος·

209 4161 324 4232 ἕβδομος
343 4159 514 4227 παιδοτρίβης
533 4149 568 4210 οὗ
586 4159 756 4228 μέμνηται
775 4151 1002 4225 Ἀριστόξενος
1024 4156 1057 4207 ἐν
1079 4153 1120 4222 τῷ
1138 4150 1313 4211 Πλάτωνος
1331 4156 1392 4222 βιῳ

172 4246 209 4300 cf.
227 4261 254 4314 p.
272 4246 316 4300 46.
351 4243 393 4304 De
412 4247 503 4297 aetate
521 4241 636 4298 laniatae
655 4241 724 4296 nihil
742 4240 845 4296 dictum
865 4245 915 4294 est

246 4328 296 4399 ¹⁰⁰)
314 4327 369 4384 Ubi
398 4326 469 4381 idem
495 4325 609 4382 tradunt
632 4326 657 4381 A
684 4323 979 4398 [Pseudoammonius],
1006 4321 1225 4394 B[hdarciana]‚
1249 4321 1391 4377 translatio

172 4413 285 4471 arabica
306 4413 379 4484 apud
397 4412 544 4467 Mullorum
562 4430 589 4483 p.
608 4415 641 4468 al
661 4429 713 4484 sq.:
732 4411 755 4468 Β
774 4418 805 4466 ut
824 4409 1058 4481 diligentissimam
1078 4409 1175 4464 ducam
1199 4412 1307 4462 secutus
1332 4423 1390 4462 sum
1452 4467 1454 4472 ,
