3420 5408
1342 453 1383 517 15

243 625 345 692 Nemo
370 628 434 692 iem
459 624 648 708 Cynicorum
677 631 921 708 ceterorumque
944 627 1076 692 decreta
1099 646 1169 694 curu
1193 628 1384 695 Nietzscheo

153 735 290 800 reddere
313 734 446 800 audebit
461 733 580 798 Diocli:
607 733 639 798 id
664 733 749 816 quod
773 753 812 798 ex
833 735 874 798 iis
889 753 973 816 quae
993 733 1204 812 refutavimus
1228 738 1384 803 conclusit

154 842 218 923 ille,
245 841 478 907 demonstravit
495 860 560 905 nou
581 842 673 920 item;
698 859 791 907 nemo
809 841 997 922 Apollodori
1013 842 1220 909 Atheniensis
1242 845 1383 926 epicurei

153 949 341 1015 testimonia
364 967 404 1014 ex
426 949 548 1014 Dioclis
571 948 652 1014 libro
677 949 850 1029 derivabit,
875 967 979 1032 neque
1003 951 1100 1016 istam
1124 951 1381 1017 observationem

154 1059 193 1123 de
223 1062 294 1122 arte
324 1059 508 1138 dogmatum
539 1062 572 1121 et
599 1057 737 1121 vitarum
770 1076 891 1123 conexu
918 1057 1162 1138 amplexabitur.
1210 1059 1270 1124 Est
1298 1061 1383 1125 euim

154 1167 311 1248 pessima:
330 1167 460 1248 quinam
476 1163 669 1230 cohaerent?
708 1165 745 1232 lu
761 1166 867 1232 verbis
889 1174 944 1229 καὶ
965 1163 1143 1250 ταῦταμὲν
1159 1166 1247 1252 αὐτῷ
1264 1166 1382 1232 ἐδόκει·

153 1274 196 1336 τιν’
225 1273 260 1336 de
288 1273 397 1356 βιβλία
428 1271 526 1336 αὐτοῦ
556 1273 612 1336 καὶ
640 1273 811 1358 Θράσυλος
841 1269 1049 1359 ἀναγέγραφε
1074 1272 1159 1338 κατὰ
1187 1273 1279 1352 ια’ξιν
1306 1276 1383 1358 κτλ,

153 1380 209 1444 ubi
243 1399 363 1462 quaeso
398 1381 462 1445 sita
496 1379 554 1444 illa
589 1384 639 1445 est
674 1381 855 1446 coniunctio
891 1401 973 1464 quae
1009 1389 1104 1464 cogat
1139 1385 1245 1448 omnia
1279 1384 1382 1448 eidem

154 1487 324 1569 adsignare
350 1488 496 1552 auctori?

242 1596 343 1660 Porro
360 1614 432 1660 cunr
448 1595 633 1660 Demetrius
650 1594 784 1675 Magnes
809 1595 841 1659 in
863 1613 960 1676 opere
982 1602 1055 1680 περὶ
1078 1591 1262 1680 ὁμωνύμων
1283 1596 1383 1661 libros

152 1703 417 1785 philosophorum
441 1703 650 1782 recensuerit,
675 1702 866 1768 Laertianos
887 1703 1010 1768 iudices
1026 1705 1068 1769 ad
1083 1705 1282 1770 Demetrium
1298 1705 1381 1769 male

152 1829 250 1875 ausus
279 1815 330 1874 est
357 1809 479 1874 referre
509 1810 666 1891 simulque
694 1809 957 1892 homonymorum
986 1817 1020 1877 et
1045 1813 1185 1878 vitarum
1213 1813 1382 1877 maximam

152 1921 294 1999 partem:
319 1917 423 1982 bonae
447 1918 502 1982 isti
526 1918 799 1998 argumentationi
823 1936 893 1982 curn
918 1923 1026 1984 cetera
1046 1925 1115 1985 tum
1131 1920 1260 1985 Diocles
1285 1921 1383 1984 cessit

154 2024 359 2105 epitomatus

241 2132 285 2197 Et
308 2132 459 2214 quoniam
483 2131 616 2198 Comuti
640 2152 766 2215 quoque
793 2134 894 2198 vitam
917 2133 1066 2200 Laertius
1096 2140 1304 2201 enarraverat
1328 2135 1380 2219 [cf.

152 2239 190 2304 V.
207 2239 302 2321 Rosa,
326 2241 435 2305 Herm.
460 2240 477 2304 Ι
499 2260 531 2322 p.
548 2241 614 2305 370
638 2240 731 2323 sqq.]‚
756 2240 886 2306 Diocles
909 2246 984 2323 post
1008 2241 1183 2308 Cornutum
1207 2245 1226 2309 i.
1245 2262 1272 2308 e.
1298 2244 1382 2309 eirca

152 2347 272 2411 saeculi
297 2349 416 2412 exitum
433 2365 452 2412 a
469 2347 659 2412 Nietzsobeo
675 2348 848 2429 relegatur.
889 2348 1037 2415 Proiecto
1060 2367 1169 2415 eorum
1186 2350 1382 2416 consimilem

153 2455 273 2520 dixeris
311 2455 552 2536 Nietzseheum‚
593 2474 673 2537 quos
711 2455 797 2520 fama
836 2461 886 2520 est
921 2457 1098 2523 somniasse
1132 2475 1215 2540 quae
1250 2457 1380 2523 vellent.

244 2582 270 2628 c.
296 2563 524 2640 Quaestionem
552 2563 748 2627 instauranti
776 2563 808 2626 in
836 2564 950 2644 primis
981 2563 1108 2630 videtur
1137 2570 1227 2628 aetas
1258 2564 1381 2630 Dioclis

154 2688 310 2735 annorum
333 2672 476 2735 numeris
500 2668 692 2751 definienda,
718 2671 765 2735 ita
783 2675 893 2736 tamen
916 2677 953 2735 ut
976 2672 1100 2736 incerta
1123 2673 1174 2737 vel
1187 2672 1284 2736 dubia
1308 2690 1382 2752 sup·

154 2778 345 2858 primautur.

243 2884 395 2966 Logioam
419 2886 591 2967 specialem
616 2890 744 2950 constat
767 2905 839 2951 esse
856 2887 1036 2954 Diocleum.
1082 2887 1194 2970 Neque
1218 2887 1302 2952 euim
1326 2905 1381 2950 an-

156 3011 231 3073 ceps
267 2998 317 3057 ast
347 2992 393 3076 [id
417 2994 502 3076 quod
530 2993 800 3059 Fraudenthalius
835 2994 917 3058 dixit
939 2995 960 3060 l.
986 2995 1038 3079 c.],
1074 3001 1233 3077 quatenus
1260 2994 1381 3060 Dioclis

153 3099 252 3164 verba
283 3100 328 3165 ibi
360 3103 601 3183 continuentur,
634 3103 784 3184 quoniam
813 3104 1003 3186 εἰσαγωγικη·
1026 3107 1119 3187 τέχνη
1153 3102 1381 3168 ‘iustitutionis

155 3207 343 3274 dialecticae
374 3209 485 3274 artem’
517 3206 729 3296 significat:⁶)
759 3210 920 3291 complent
948 3211 1048 3293 igitur
1071 3211 1109 3293 ἕξ
1133 3211 1273 3275 49-83.
1321 3209 1381 3274 Ac·
1425 3200 1427 3205 ’

154 3317 252 3398 cedit,
284 3318 370 3400 quod
399 3319 431 3383 in
460 3319 532 3400 ipsa
562 3319 622 3383 bac
650 3323 744 3400 parte
770 3319 892 3384 Dioclis
916 3337 1030 3384 nornen
1058 3320 1091 3383 iu
1115 3317 1219 3400 figura
1242 3319 1380 3401 quadam

79 3467 84 3478 ·
153 3424 323 3489 dialectica
358 3426 473 3490 visitur
500 3427 518 3508 ξ
543 3428 599 3490 75«
616 3427 651 3514 ζῇ
678 3427 822 3511 Διοκλῆς.
874 3426 949 3492 Iure
976 3427 1038 3492 hoc
1070 3429 1186 3492 mirum
1221 3428 1381 3509 quomodo

152 3531 273 3596 factum
302 3533 344 3596 sit
374 3533 421 3597 ita
451 3533 640 3614 explanasse
664 3533 874 3598 Nietzscheus
902 3533 980 3599 mihi
1003 3535 1144 3615 videtur,
1175 3540 1212 3599 ut
1242 3534 1282 3599 ab
1309 3536 1380 3617 ipso

154 3639 265 3704 Diocle
289 3639 466 3721 profectum
492 3646 646 3705 censeret.
692 3639 841 3704 Obvertit
863 3640 1132 3707 Frendenthalius
1156 3661 1186 3724 p.
1213 3643 1275 3705 311
1301 3641 1380 3706 illud

155 3747 333 3829 exemplum
347 3747 463 3812 Stoicis
481 3766 552 3812 esse
567 3748 732 3828 usitatum,
749 3754 786 3812 ut
797 3753 884 3812 Δίων
900 3754 933 3813 et
947 3749 1049 3814 Θέων.
1078 3749 1127 3814 De
1139 3749 1190 3813 his
1202 3749 1291 3813 nulla
1303 3767 1381 3814 sane

154 3861 205 3921 est
220 3856 396 3922 dubitatio:
423 3857 570 3922 addenda
590 3861 665 3921 sunt
690 3854 858 3922 ‘Socrates’
885 3861 919 3920 et
935 3856 1058 3922 ‘Plato’.
1099 3856 1197 3922 Velut
1212 3860 1380 3938 quattuor-

154 3964 240 4030 viros
263 3963 337 4029 illos
366 3982 597 4046 saepenumero
621 3965 789 4029 advocavit
813 3964 929 4029 Sextus
952 3964 1133 4046 Empiricus
1162 3963 1214 4048 [cf.
1240 3963 1380 4028 Bekkeri

225 4143 249 4212 ⁶)
267 4142 326 4196 Hoc
343 4146 420 4210 patet
444 4156 479 4195 ex
496 4141 557 4209 ipso
574 4141 683 4196 Laertia
702 4141 728 4196 X
746 4144 782 4198 30
800 4140 829 4197 τὸ
848 4143 900 4213 μὲν
918 4135 967 4196 οὖν
990 4141 1134 4196 κανονικὸν
1157 4140 1198 4210 [id
1217 4145 1260 4194 est
1277 4139 1379 4210 logica]

155 4233 269 4303 ἐφόδοις
288 4233 331 4286 ἐπὶ
354 4229 401 4297 τὴν
422 4237 611 4303 πραγματείαν
631 4237 684 4303 ἔχει
701 4237 755 4287 κτλ.
775 4232 810 4286 ci.
831 4232 913 4286 etiam
933 4231 1049 4286 Gellium
1076 4231 1105 4301 [a
1122 4229 1242 4284 Dialesio
1265 4229 1377 4298 duxogr.

154 4336 181 4389 p.
202 4323 252 4376 162
271 4338 298 4376 n.
317 4320 442 4390 citatum]
462 4320 528 4376 XVI
547 4323 572 4376 8.
615 4321 680 4372 Cum
703 4326 732 4372 in
755 4325 906 4386 decipimus
928 4324 1076 4372 dralecticas
1099 4323 1189 4370 induci
1205 4327 1283 4385 atque
1301 4324 1383 4372 dabui

154 4416 289 4480 vellemus,
298 4428 419 4464 uscesrrcs
428 4415 492 4482 fuit
502 4415 577 4463 adare
585 4420 663 4478 atque
672 4429 834 4478 cognarcere,
846 4429 914 4477 quas
925 4419 1018 4462 vocant
1025 4413 1154 4461 daleca'ci
1164 4409 1316 4480 εἰσαγωγάς
1325 4417 1377 4467 etc.
