3420 5408
1354 475 1393 538 13

168 653 273 720 (trinis
297 649 524 729 Athenodorus
548 646 721 728 Antipater
736 642 977 726 Apollophanes
992 645 1136 714 Boethus
1151 649 1275 718 Heceto
1292 653 1395 718 Hera-

167 762 266 828 clides
290 760 458 826 Tarsensis
488 757 648 821 Persaeus
676 752 812 835 deuique
842 751 1014 833 Sphaerus.
1061 756 1131 822 Hoc
1158 758 1259 841 igitur
1289 763 1316 826 si
1344 762 1394 827 dis

166 870 274 952 placet
296 870 521 952 argumentum
543 867 692 929 neutram
714 862 747 926 in
770 865 897 942 partem
920 861 1136 931 adhibendum
1160 873 1218 934 est.

214 977 330 1042 Cetera
373 974 548 1042 videamus
610 973 653 1036 In
696 968 815 1056 legeris
854 969 1052 1056 quz'busdam
1083 973 1222 1059 figuras
1263 975 1396 1042 Dioclis

167 1084 314 1150 occurrit
334 1105 463 1149 nomn.
510 1081 615 1148 Semel
639 1079 777 1146 occurrit
804 1079 837 1142 in
860 1079 966 1162 logica
994 1081 1141 1163 speciali,
1171 1103 1267 1166 quam
1290 1085 1395 1151 Diocli

169 1199 291 1259 certum
308 1199 357 1258 est
373 1191 494 1257 deberi.
533 1188 622 1253 Nihil
638 1188 738 1270 igitur
753 1187 814 1251 hoc
838 1187 1040 1254 demonstret
1062 1209 1157 1272 quam
1181 1211 1249 1257 rem
1266 1193 1395 1258 aliunde

167 1308 277 1368 notam
293 1299 346 1386 [cf.
363 1321 394 1383 p.
410 1300 473 1384 15].
505 1299 640 1364 Praeter
651 1297 789 1378 logicam
800 1295 865 1359 iam
877 1296 1006 1362 Diocles
1022 1297 1099 1379 quin
1116 1298 1253 1364 ethicam
1269 1320 1395 1383 qnoque

168 1414 201 1474 et
223 1410 387 1492 physicam
410 1407 560 1473 habuerit
583 1424 647 1470 non
670 1403 802 1469 dubium
824 1423 894 1468 esse
915 1404 1054 1486 largior:
1080 1407 1165 1488 quod
1180 1408 1254 1472 inde
1272 1408 1396 1473 derivat
1429 1450 1433 1457 ·

167 1517 392 1597 Nietzscheus,
417 1515 540 1580 Laertii
569 1512 675 1578 ethica
697 1511 892 1594 physicaque
920 1512 1052 1578 decreta
1076 1513 1255 1580 Stoicorum
1279 1535 1317 1580 ex
1340 1516 1396 1580 Di·

167 1626 246 1692 oclis
269 1626 353 1690 libro
376 1640 585 1706 promanasse
608 1620 724 1686 falsum
749 1626 807 1686 est.

214 1734 274 1796 ‘At
315 1733 405 1796 uncle
448 1729 651 1795 altessc'mum
691 1727 826 1794 laertia
864 1730 904 1792 de
941 1727 1074 1793 lestt'bus
1115 1728 1230 1794 ceteris
1261 1736 1397 1821 praeter

148 1861 277 1904 ‚unum
305 1838 456 1904 Dcoclem
485 1835 673 1923 explebatur
701 1835 911 1901 silentium?
962 1838 1043 1903 Vide
1075 1837 1257 1904 Nietzsehei
1288 1841 1396 1906 incon-

167 1949 320 2013 stantiam
344 1953 377 2013 et
405 1948 613 2013 oblivionem!
661 1946 841 2012 Identidem
864 1945 951 2010 furta
980 1946 1078 2011 obicit
1101 1947 1245 2028 Laertio,
1276 1950 1395 2030 quippe

167 2057 222 2139 qui
246 2056 286 2121 de
310 2056 470 2121 industria
492 2056 578 2122 unde
601 2053 747 2119 hauserit
770 2053 964 2118 dissimulet:
989 2073 1073 2120 nunc
1097 2073 1153 2120 cur
1168 2055 1253 2120 idern
1270 2055 1397 2121 siluerit

166 2163 280 2230 haeret
314 2164 464 2229 incertus.
502 2201 545 2211 -
581 2162 693 2227 Adhuc
729 2181 800 2226 curn
834 2162 972 2244 quadarn
1010 2162 1250 2244 probabilitatis
1289 2165 1396 2246 specie

166 2272 303 2353 logicam
326 2271 456 2336 Diocles
479 2270 611 2336 Laertio
635 2270 860 2352 suppeditasse
882 2270 985 2334 videri
1008 2271 1128 2350 possit:
1154 2277 1262 2336 cetera
1290 2272 1396 2337 omnia
1475 2307 1476 2310 =

168 2399 291 2446 summo
315 2381 385 2445 iure
409 2379 611 2446 removimus.
643 2441 645 2449 ,

256 2489 329 2554 Jam
364 2507 440 2554 vero
470 2488 555 2571 qnod
583 2487 788 2570 symmetriae
817 2504 914 2551 causa
944 2485 1099 2568 Diogenis
1127 2487 1205 2552 dicit
1233 2505 1267 2552 se
1296 2506 1315 2551 a
1343 2488 1397 2552 de·

169 2594 339 2660 scribenda
363 2595 542 2662 Stoicorum
566 2595 712 2660 doctriua
736 2595 892 2675 desinere,
917 2613 955 2660 eo
979 2595 1026 2659 ita
1045 2594 1254 2660 Nietzscheus
1278 2595 1396 2661 abusus

169 2709 234 2784 est,
269 2709 306 2769 ut
334 2705 488 2786 Diogenis
519 2705 590 2770 loco
624 2708 820 2786 supponeret
850 2703 995 2768 Di0olem
1025 2703 1218 2786 Magnetem.
1274 2703 1397 2768 Laertii

171 2813 254 2878 enim
279 2815 465 2895 symmetria
488 2817 687 2896 quantopere
711 2816 755 2877 sit
777 2812 898 2877 violata
915 2813 1069 2894 exemplis
1086 2812 1195 2877 studet
1215 2811 1394 2876 ostendere.

170 2920 253 2998 Quid
276 2920 401 2986 obverti
424 2922 528 3003 possit
559 2920 652 2986 facile
685 2919 825 2985 offertur.
865 2919 977 3002 Neque
1008 2921 1091 2986 euim
1118 2920 1246 2985 modurn
1274 2925 1396 2984 cetero-

169 3027 246 3108 quin
269 3027 419 3093 Laertius
442 3048 506 3094 non
530 3028 724 3107 observavit,
753 3028 848 3094 modo
877 3047 918 3092 ne
947 3027 1133 3110 dogmatum
1161 3028 1218 3092 sed
1242 3028 1396 3094 librorum

170 3135 325 3200 ambitum
349 3141 487 3218 quantus
512 3138 555 3202 sit
579 3137 823 3219 computaveris.
871 3137 957 3201 Zeno
981 3136 1065 3201 enirn
1089 3136 1234 3218 pagellas
1258 3137 1397 3218 complet

170 3241 300 3324 XXXV,
324 3243 483 3326 Epicurus
502 3245 648 3326 XXXIV,
673 3246 767 3311 Plato
790 3243 895 3311 XXIV
904 3241 940 3328 ⁴).
987 3245 1036 3309 De
1060 3244 1177 3310 Stoicis
1199 3245 1301 3326 igitur
1322 3245 1397 3310 novi

170 3350 249 3417 nihil
273 3353 358 3434 quod
380 3353 536 3435 probetur
558 3353 769 3420 Nietzscheus
794 3353 898 3418 effecit
923 3389 963 3400 -
990 3359 1123 3435 excepta
1145 3352 1284 3419 fortasse
1300 3372 1395 3435 quarn

170 3459 210 3524 de
237 3460 343 3542 logica
370 3459 542 3543 profitetur
577 3463 752 3543 sententia,
789 3462 947 3544 siquidem
982 3461 1170 3544 excipienda
1199 3466 1258 3526 est.
1311 3461 1395 3526 Male

170 3567 255 3632 enim
272 3567 384 3634 (lobeti
401 3570 627 3635 auctoritatem
643 3575 771 3636 secutus
791 3575 867 3652 post
888 3569 1123 3656 κεφαλαιωδῶς
1144 3569 1300 3649 distinxit,
1326 3587 1397 3634 cum

170 3691 280 3740 verum
314 3675 432 3741 dudum
467 3677 681 3743 intellexisset
711 3677 899 3743 Ambrosius
937 3676 989 3760 [cf.
1018 3677 1109 3743 Diels
1138 3676 1336 3760 doxographi
1363 3695 1394 3757 p.

242 3906 267 3978 4)
286 3907 327 3961 cf.
348 3891 429 3964 etiem
448 3908 693 3964 Frendenthalium
711 3926 738 3977 p.
758 3911 818 3964 308.
837 3939 869 3948 -
891 3907 1018 3962 Ceterum
1036 3905 1115 3977 Diog.
1134 3907 1229 3963 11147
1253 3907 1394 3962 conferen-

170 3995 222 4052 dus
247 4003 275 4050 et
294 3997 417 4053 Clemens
435 3999 513 4054 Alex.
538 4005 630 4054 strom.
651 3998 676 4054 V
694 4017 721 4068 p.
741 4001 791 4054 261
813 3998 937 4069 Sylburg.
968 4001 1013 4051 καὶ
1031 4004 1116 4070 μυρία
1135 4000 1178 4052 ἐπὶ
1196 4004 1304 4070 μυρίαις
1322 3999 1394 4071 enod-

171 4088 212 4158 ῥεῖ
229 4110 278 4160 μοι
290 4093 497 4158 παρατίθεσθαι,
516 4095 725 4162 συμμετρίας
744 4083 838 4143 δὀὖν
857 4089 956 4142 ἕνεκα
971 4092 1169 4143 καταπαυστέον
1188 4088 1234 4155 ἤδη
1247 4086 1395 4160 τὸνλόγον,

171 4177 242 4240 ὅπως
259 4178 297 4250 μὴ
315 4175 345 4232 τὸ
364 4179 410 4232 τοῦ
428 4180 631 4252 τραγωδοπαιαῦ
645 4179 801 4251 Ἀγάθωνος
820 4179 955 4250 πάθωμεν
973 4180 1019 4231 καὶ
1038 4179 1128 4233 αὐτοί·

479 4269 517 4324 ’τὸ
535 4271 588 4342 μὲν
606 4267 742 4341 πάρεργον
759 4273 840 4341 ἔργον
859 4267 894 4329 ὡς
912 4265 1056 4340 ἡγούμενοι

484 4358 513 4414 τὸ
531 4359 559 4414 δ’
577 4365 657 4432 ἔργον
676 4360 711 4421 ὥς
728 4359 866 4431 πάρεργον
884 4356 1092 4430 ἔειπαιαείμενοι’Ι

173 4445 244 4502 conf.
263 4447 378 4504 Dielesii
397 4448 509 4519 doxogr.
527 4465 553 4519 p.
574 4451 675 4507 242n1.
694 4465 762 4504 mus.
781 4450 857 4505 rhen.
876 4446 984 4504 XXXII
1002 4447 1095 4518 [1877]
1114 4464 1141 4518 p.
1160 4449 1211 4503 481
1225 4446 1265 4502 nl.
