3420 5408
307 442 327 505 d

308 618 383 682 libri
412 619 534 683 uariam
564 614 752 680 exhiberent
780 615 1009 696 eruditionem,
1034 615 1200 698 operosius
1225 614 1463 696 conquisivissc.
1488 651 1533 662 --

309 725 396 803 Quae
414 730 573 806 quatenus
590 727 678 792 recte
696 725 853 802 quatenus
870 739 962 786 secus
978 721 1202 803 disputaverit,
1225 720 1359 788 inferius
1374 725 1530 804 patescet.

398 831 520 909 Quibus
544 828 744 902 Bahnscbius
768 826 912 893 differret
941 848 979 894 ea
1002 829 1258 895 Nietzscheus
1286 829 1453 913 [uertrege
1476 848 1532 894 zur

308 939 544 1022 quellenkund'e
568 937 633 1002 und
656 935 757 1000 kritik
780 935 837 1000 des
860 936 1009 1000 Laertius
1034 936 1195 1018 Diogenes
1218 937 1433 1018 Base118703
1458 956 1532 1019 pro·

309 1066 453 1130 gramma
476 1043 683 1127 paedagogii]
712 1043 831 1125 partim
854 1041 995 1108 refutare
1019 1043 1116 1126 idque
1140 1045 1272 1124 iniuria,
1303 1037 1422 1128 partim
1450 1063 1532 1110 com-

309 1173 457 1237 pensare,
482 1151 636 1218 nonnulla
660 1151 822 1232 corrigere
847 1156 981 1216 conatus
1006 1155 1064 1215 est.

390 1261 483 1325 Dein
513 1277 615 1341 usque
645 1259 686 1322 ad
720 1257 911 1322 novissimos
940 1275 1041 1322 annos
1065 1263 1226 1323 cessatum
1254 1264 1319 1324 est:
1350 1259 1533 1326 Nietzsohei

310 1369 393 1434 enirn
413 1367 591 1449 placita-
608 1366 635 1428 si
660 1365 860 1430 dubitantem
882 1366 1046 1446 exceperis
1062 1366 1276 1447 Roeperum
1301 1366 1424 1449 [philol.
1443 1367 1534 1434 XXX

310 1475 426 1559 [1870]
451 1494 480 1556 p.
501 1473 579 1557 568]
595 1509 639 1518 —
660 1490 769 1537 omnes
793 1472 1067 1553 amplexabantur,
1093 1492 1132 1538 ex
1155 1472 1270 1554 quibus
1293 1471 1412 1539 sufficit
1433 1474 1534 1538 nomi-

227 1595 230 1600 ’
309 1601 404 1648 nasse
430 1579 709 1647 Susemihlium
734 1578 826 1662 [mus
852 1578 941 1644 rheu.
968 1580 1074 1644 XXVI
1097 1580 1213 1664 [1871]
1237 1600 1268 1662 p.
1294 1582 1368 1646 336.
1410 1581 1533 1646 Aristo-

311 1691 386 1755 telis
410 1689 548 1754 Politice
571 1706 601 1767 p.
627 1687 732 1752 XLIII
755 1705 785 1750 n.
809 1689 861 1752 77.
886 1685 923 1753 cl.
949 1686 1047 1751 litter.
1074 1688 1386 1754 0001101110111879
1410 1688 1443 1753 iu
1467 1694 1533 1754 stu-

311 1797 436 1862 diorum
477 1787 761 1860 Hclleuisticorum
789 1794 837 1859 III
870 1794 1112 1860 Freudenthalii
1153 1797 1301 1881 censura]
1343 1797 1381 1861 D.
1418 1796 1534 1862 Volk-

311 1923 488 1970 maunum
524 1904 646 1987 [progr.
683 1902 839 1966 Portense
880 1901 912 1965 in
952 1901 1106 1967 honorem
1142 1901 1175 1968 G.
1211 1903 1321 1967 Peteri
1357 1904 1456 1988 1873]
1496 1903 1532 1969 0.

312 2011 591 2078 Schneiderum
616 2007 846 2093 [Callimachea
868 2008 900 2072 II
922 2028 952 2091 p.
976 2011 1017 2073 28
1036 2009 1097 2093 sq.]
1121 2010 1157 2076 E.
1175 2009 1369 2076 Rohdeum
1393 2013 1535 2095 saepius-

313 2122 391 2185 cule.
439 2119 564 2184 Plausit
592 2119 690 2182 etiam
720 2117 758 2182 G.
789 2116 958 2180 Kornius
987 2117 1246 2199 [Bemerkungen
1283 2137 1354 2182 zum
1382 2119 1421 2182 X.
1452 2118 1536 2184 buch

313 2226 370 2290 des
393 2226 543 2289 Laertius
567 2225 737 2305 Diogenes
768 2243 874 2305 progr.
900 2224 1108 2290 Prenzlaviae
1136 2225 1244 2310 1878],
1270 2245 1340 2292 cum
1364 2228 1434 2308 ipsc
1457 2225 1537 2292 nibil

313 2351 446 2415 prorsus
469 2329 649 2412 proficeret.

403 2439 480 2504 Sero
506 2457 525 2501 a
548 2439 658 2520 paucis
680 2443 714 2503 et
736 2440 878 2504 breviter
895 2439 1126 2504 contradictum
1151 2445 1209 2506 cst.
1248 2439 1389 2518 Quorum
1405 2441 1537 2523 primus

314 2552 473 2630 quatenus
503 2547 583 2625 scio,
608 2545 932 2612 Wilemowitzius
967 2544 1028 2610 11111
1063 2552 1096 2610 01
1124 2547 1158 2611 in
1192 2547 1309 2612 scholis
1339 2553 1372 2612 ct
1399 2548 1536 2630 publice.

315 2655 376 2732 Qui
404 2673 474 2718 cum
503 2654 536 2716 in
566 2654 674 2718 Herm.
706 2654 751 2718 XI
779 2653 894 2736 [1876]
919 2672 949 2733 p.
976 2653 1039 2718 303
1068 2653 1287 2735 biograpbica‚
1317 2674 1400 2736 quae
1430 2656 1541 2720 insunt

314 2763 348 2826 in
364 2762 514 2826 Numenii
537 2761 608 2845 περὶ
631 2765 684 2843 τῆς
699 2765 764 2824 τῶν
781 2757 1031 2844 Ἀκαδημαϊκῶν
1054 2762 1134 2846 πρὸς
1156 2758 1319 2826 Πλάτωνα
1343 2759 1540 2836 διαστάσεως

315 2870 425 2935 libello
450 2869 551 2952 [edito
576 2887 595 2932 0
619 2867 786 2950 Thedinga
808 2869 840 2932 in
864 2869 943 2940 diss.
970 2853 1236 2953 Βο1111001875]
1260 2874 1394 2950 propter
1418 2870 1541 2934 Laertii

316 2977 470 3059 Diogenis
501 2975 742 3040 similitudinem
771 2975 811 3038 ad
835 2975 985 3040 Favorini
1016 2977 1228 3058 ‘omnigenam
1255 2976 1432 3042 historiam'
1459 2975 1510 3041 ref
1527 3013 1541 3024 ·

316 3086 416 3150 rende
440 3084 611 3162 coniceret,
636 3103 699 3148 non
724 3082 825 3147 solum
843 3083 882 3146 de
906 3088 1057 3164 receptae
1082 3084 1241 3165 opinionis
1259 3083 1322 3149 fide
1346 3084 1541 3166 desperavit,

316 3210 429 3257 uerum
446 3192 487 3255 ad
502 3191 673 3254 ueritatem
689 3209 790 3272 prope
807 3191 870 3255 iam
887 3190 957 3272 ipse
973 3192 1117 3256 accessit.
1158 3191 1329 3273 Quousque
1345 3197 1421 3256 tuuc
1437 3209 1542 3256 acces·

318 3301 397 3364 serit
421 3297 466 3363 ibi
493 3317 557 3362 nou
586 3298 706 3363 dictum
734 3302 792 3361 est.
830 3335 870 3342 —
893 3298 999 3362 Alter
1032 3299 1071 3362 H.
1102 3300 1303 3364 Dielesius
1330 3300 1438 3380 paullo
1468 3303 1543 3381 post

319 3406 411 3490 [mus.
441 3405 530 3468 rhen.
556 3404 665 3469 XXXI
688 3404 803 3489 [1876]
828 3425 859 3486 p.
885 3407 927 3470 30
943 3405 990 3489 0.]
1015 3411 1127 3471 contra
1151 3407 1333 3472 Nietzsohei
1357 3407 1396 3471 de
1420 3406 1542 3471 Laertii

319 3533 388 3580 cum
416 3513 577 3594 Hesychio
614 3530 735 3577 conexu
770 3513 952 3594 opinionem
981 3532 1084 3594 pauca
1112 3513 1273 3577 dimersit.
1327 3513 1374 3576 De
1407 3513 1542 3594 singulis

319 3615 468 3686 accurate
492 3620 576 3683 idem
599 3620 648 3684 uir
665 3620 777 3684 doctus
801 3622 834 3684 in
851 3620 1032 3685 admirabili
1056 3620 1111 3686 illo
1136 3621 1175 3684 de
1201 3619 1427 3701 ‘doxographis
1452 3639 1542 3702 grae-

320 3729 373 3794 cis'
400 3742 496 3808 opere
522 3727 666 3809 scripsit,
696 3727 781 3791 unde
811 3726 888 3790 mihi
917 3728 1053 3809 posthac
1080 3728 1182 3793 multe
1211 3734 1244 3793 et
1273 3728 1418 3810 pretiosa
1449 3733 1544 3792 erunt

320 3836 512 3901 advocanda.
540 3871 580 3878 -
605 3834 751 3916 Denique
774 3834 1114 3900 Freudeuthalius
1138 3836 1229 3920 [‘Der
1247 3835 1435 3900 Platoniker
1456 3836 1543 3901 Albi-

319 3961 379 4007 nus
414 3942 478 4006 und
512 3942 568 4005 der
601 3939 722 4005 ialsche
756 3941 918 4006 Alkinoos'
958 3942 1067 4006 Berlin
1105 3945 1188 4007 1879
1224 3962 1254 4023 p.
1292 3943 1355 4006 305
1387 3943 1471 4027 sqq]
1504 3944 1543 4007 de

320 4050 442 4114 Laertii
472 4048 655 4112 auctoribus
685 4049 875 4129 disputavit,
906 4050 1002 4132 idque
1030 4050 1137 4114 itaut
1164 4048 1347 4113 Nietzsohei
1376 4067 1544 4130 argumen-

321 4157 454 4222 tationis
478 4161 640 4221 momenta
663 4156 781 4238 partim
806 4155 970 4221 refelleret
987 4156 1167 4222 rationibus
1187 4157 1293 4236 certis,
1318 4157 1436 4237 partim
1460 4156 1543 4221 dice-

322 4271 374 4331 ret
402 4284 472 4330 esse
501 4264 686 4330 refellenda.
734 4264 858 4328 Novum
891 4264 975 4346 quod
1004 4263 1217 4329 substitueret
1240 4283 1275 4328 se
1298 4283 1361 4328 non
1386 4257 1544 4329 invenisse

321 4373 423 4438 libere
450 4372 580 4438 fatetur.
