3432 5400
369 501 432 566 156

366 681 454 748 νοῦν.
502 679 602 766 δῆλον
624 680 653 745 δ’
677 680 712 745 ἐκ
735 680 803 750 τῶν
822 681 1078 768 συγγραμμάτων
1099 677 1161 746 ada
1182 683 1242 748 τοῦ
1264 680 1478 768 Ξενοφῶντος
1500 686 1583 769 Σομ·

364 792 489 854 τιοσίον.
538 787 630 852 δοκεῖ
649 787 685 852 δὲ
707 793 761 852 καὶ
783 788 839 875 τῆς
862 786 1128 876 ἀνδρωδεστάτης
1156 787 1289 874 στατικῆς
1311 788 1479 874 κατάρξαι,
1504 787 1584 856 ὅθεν

363 900 418 959 καὶ
449 891 629 983 Ἀθήναιος
657 892 675 960 o‘
707 893 1027 983 ἐπιγραμματοποιὸς
1053 893 1115 964 aad.
1161 897 1306 981 sequitur
1334 899 1530 979 epigramma
1554 948 1582 964 ..

364 997 457 1079 οὗτος
471 999 611 1089 ἡγήσατο
626 1008 681 1067 καί
696 1001 752 1087 τῆς
766 1007 940 1084 Διογένους
962 1004 1131 1081 ἀπαθείας
1153 1002 1207 1068 καλ
1222 1003 1275 1088 τῆς
1287 1001 1449 1090 Κράτητος
1471 1003 1581 1091 ἐγκρα-

334 1116 450 1196 ,ιτίοις
473 1111 527 1176 καὶ
554 1113 610 1197 τῆς
631 1109 782 1197 Ζήνωνος
808 1117 984 1199 καρτερίας,
1014 1108 1111 1187 αὐτὸς
1138 1109 1342 1196 ὑποθέμενος
1368 1111 1406 1202 τῇ
1434 1114 1581 1196 πολιτείᾳ

364 1219 475 1303 (πόλει
497 1219 607 1303 vulgo)
629 1220 671 1284 τὰ
693 1220 841 1304 θεμέλια,
870 1218 888 1285 ὁ
916 1221 952 1285 δὲ
974 1219 1131 1307 Ξενοφῶν
1157 1216 1287 1306 ἣδιστον
1315 1222 1375 1304 μὲν
1400 1222 1581 1308 εἶναιπερὶ

364 1329 423 1403 τὰς
446 1325 574 1411 ὁμιλίας
596 1331 695 1414 φησὶν
718 1325 818 1393 αὐτὸν
845 1325 1097 1416 ἐγκρατέστατον
1118 1330 1156 1394 δὲ
1179 1332 1252 1414 περὶ
1275 1326 1391 1393 τᾶλλα.
1439 1330 1583 1412 sequitur

364 1437 518 1504 librorum
551 1436 655 1503 index.
715 1436 748 1500 in
777 1434 827 1502 his
855 1437 959 1518 primo
988 1437 1103 1504 obtutu
1130 1441 1222 1519 patet
1251 1455 1270 1500 a
1297 1436 1442 1518 Diogene
1469 1438 1584 1505 inscite

363 1546 523 1611 intrusum
552 1561 623 1610 esse
651 1545 847 1626 epigramma
874 1544 1042 1612 Athenaei.
1090 1544 1207 1612 deinde
1235 1545 1486 1611 contaminatam
1514 1565 1583 1612 esse

365 1672 434 1719 earn
458 1671 539 1736 quae
563 1670 661 1734 supra
690 1653 833 1736 excripta
861 1659 912 1720 est
934 1655 1033 1721 vitam
1063 1659 1160 1737 atquc
1183 1652 1334 1719 Dioclem.
1381 1650 1452 1718 laus
1476 1659 1583 1720 autem

364 1760 574 1841 Antisthenis,
598 1779 680 1843 quae
695 1766 826 1843 praeter
842 1763 944 1845 ipsius
960 1763 1082 1846 scripta
1096 1760 1320 1843 Xenophontis
1338 1764 1371 1826 et
1386 1759 1583 1845 Theopompi

363 1869 546 1936 testimonio
571 1867 759 1950 adstruitur,
785 1888 823 1934 ex
845 1874 918 1936 utro
943 1875 1109 1936 auctorum
1131 1869 1319 1952 provenerit
1342 1869 1500 1934 incertum
1524 1873 1582 1936 est.

364 1977 422 2043 sed
443 1996 507 2042 nou
531 1975 648 2042 desunt
672 1994 754 2059 quae
771 1995 842 2042 curn
857 1977 908 2042 his
932 1977 1135 2057 cohaereant,
1160 1977 1341 2042 sententiae
1357 1980 1465 2042 certae
1480 1975 1582 2042 feren-

364 2087 423 2151 dae
446 2085 571 2150 idonea.
618 2084 651 2148 in
674 2081 738 2150 fine
761 2085 843 2150 sexti
866 2084 941 2151 libri
964 2104 984 2150 a
1006 2085 1151 2168 Diogene
1172 2085 1352 2152 communia
1374 2084 1492 2167 cynicis
1515 2083 1582 2166 pla·

364 2193 428 2259 cita
459 2196 668 2274 exponuntur.
730 2192 824 2258 valde
853 2193 1018 2260 extollitur
1052 2212 1160 2260 eorum
1195 2193 1356 2274 doctrina,
1391 2191 1582 2274 praesertin

362 2304 496 2383 propter
511 2299 615 2366 victus
631 2299 839 2367 sobrietatem
856 2307 889 2366 et
904 2303 1060 2384 rigorem3
1085 2301 1275 2368 documento
1292 2306 1368 2368 suut
1381 2299 1581 2366 Antisthenis

363 2409 498 2490 scripta;
529 2408 690 2473 Zenonem
720 2408 761 2474 ad
794 2408 877 2475 hanc
911 2410 1056 2493 regulam
1090 2410 1222 2491 vnisse,
1258 2410 1292 2474 iu
1327 2408 1473 2476 doctrina
1506 2427 1580 2476 vero

362 2516 546 2580 Aristonem
571 2514 683 2581 Chium
712 2516 837 2598 cynicos
866 2523 1009 2584 secutum
1045 2535 1124 2584 esse.
1184 2517 1343 2583 excitatur
1370 2534 1452 2582 unus
1488 2516 1579 2582 testis

361 2623 490 2687 Diocles
521 2622 561 2689 de
592 2621 863 2704 apophthegmata
893 2625 1111 2706 Antisthene,
1148 2624 1234 2708 quod
1263 2624 1441 2707 adposuisti
1470 2643 1501 2706 p.
1527 2625 1576 2689 30.

361 2748 464 2812 neque
486 2729 613 2796 videtur
633 2728 762 2796 Diocles
785 2731 819 2795 in
841 2731 926 2798 hunc
948 2733 1053 2799 locum
1070 2733 1267 2799 extrinsecus
1291 2730 1412 2813 inferri,
1437 2732 1495 2798 sed
1514 2731 1579 2797 ani-

360 2837 535 2903 madvertit
556 2837 717 2920 Diogenes
746 2855 780 2902 se
812 2838 897 2904 idem
925 2840 1045 2907 dictum
1074 2847 1238 2924 tamquam
1262 2840 1460 2907 Socraticum
1483 2839 1579 2922 adpo·

361 2945 464 3010 suisse
486 2945 519 3010 Π
542 2947 594 3025 21,
618 2945 728 3027 itaque
752 2964 824 3011 eum
848 2952 1011 3014 auctorem
1035 2968 1074 3016 ex
1097 2968 1159 3032 quo
1184 2949 1311 3015 omnino
1338 2946 1458 3031 pendet
1481 2949 1579 3013 nomi·

360 3056 426 3116 nat.
475 3052 599 3118 accedit
627 3055 712 3135 quod
739 3055 859 3138 placita
882 3057 1042 3123 Aristonis
1070 3056 1206 3122 totidem
1233 3055 1339 3123 verbis
1362 3055 1499 3129 redeunt
1521 3055 1580 3120 Vll

363 3160 435 3238 160,
468 3159 524 3224 nbi
557 3161 729 3243 vestigium
758 3163 880 3230 Dioclis
907 3165 972 3229 iam
1004 3181 1102 3246 supra
1136 3163 1391 3229 monstravimus
1444 3163 1579 3246 denique

361 3282 441 3347 quae
467 3265 507 3330 de
529 3266 616 3332 uictu
641 3270 823 3352 cynicorum
841 3275 1048 3351 ,exponuntur
1072 3287 1173 3352 prope
1190 3269 1307 3335 absunt
1330 3268 1370 3335 ab
1393 3269 1448 3335 illo
1464 3269 1579 3352 Epicu-

359 3390 487 3436 reorum
509 3376 690 3454 praeconio.
737 3395 801 3442 non
825 3396 938 3444 vereor
961 3378 1080 3444 crimen
1103 3377 1297 3444 temeritatis
1321 3377 1348 3442 si
1370 3376 1450 3443 haec
1475 3377 1580 3443 omnia

360 3479 465 3544 Diocli
487 3481 622 3547 vindico.
671 3487 813 3549 ceterum
847 3484 927 3551 illud
963 3504 1088 3568 quoque
1119 3485 1204 3568 quod
1226 3483 1420 3566 Respublica
1443 3485 1579 3550 Zenonis

359 3587 393 3651 in
417 3587 534 3670 cynicis
556 3585 771 3656 fundamentis
795 3596 882 3658 stare
906 3593 1026 3659 dictum
1050 3597 1101 3658 est
1116 3611 1136 3657 a
1151 3592 1262 3657 Diocle
1287 3592 1340 3675 (de
1357 3592 1579 3658 emendatione

360 3694 444 3758 enim
471 3713 536 3760 non
565 3695 692 3782 dubito)
719 3698 752 3763 iu
781 3699 917 3766 Zenonis
944 3701 1012 3767 vita
1040 3700 1142 3781 redit,
1180 3699 1391 3780 extrinsecus,
1422 3717 1439 3764 e
1468 3698 1579 3766 Diocle

360 3802 492 3884 scilicet,
518 3806 680 3870 contextui
703 3806 849 3888 inlatum,
874 3807 971 3873 Vlla
995 3803 1053 3890 τὴν
1070 3805 1243 3872 Πολιτείαν
1266 3802 1369 3871 αὐτοῦ
1390 3803 1579 3894 γράψαντος

359 3934 442 3985 τινες
471 3909 582 3990 ἔλεγον
609 3913 780 3991 παίζοντος
803 3913 856 3980 ἐπὶ
878 3920 934 4001 τῆς
956 3915 1014 3981 τοῦ
1040 3910 1134 3990 κυνὸς
1158 3913 1328 3997 (Cratetis)
1357 3908 1455 4000 οὐρᾶς
1478 3910 1579 4000 αὐτὴν

357 4015 547 4107 γεγράφθαι
555 4017 590 4102 ⁶).

430 4285 454 4358 5)
474 4286 536 4342 Scio
554 4286 638 4342 luisse
658 4287 704 4356 qui
723 4287 813 4342 iocum
836 4287 910 4341 hunc
929 4287 1110 4356 corrigereut;
1136 4285 1184 4341 sed
1202 4300 1264 4340 cum
1286 4285 1449 4343 difficultate
1469 4289 1577 4344 evanuit

360 4377 441 4431 etiam
470 4377 555 4432 iocus.
600 4377 709 4446 scripsit
727 4378 803 4432 Zeno
822 4375 1039 4445 Rempuhlicam,
1065 4391 1119 4444 qua
1141 4375 1306 4444 peculiarem
1328 4376 1496 4447 disciplinam
1516 4393 1575 4432 con-

360 4465 438 4532 didit,
458 4465 608 4534 discipulus
626 4467 768 4523 etiamtum
787 4466 913 4536 Cratetis,
934 4465 1051 4522 necdum
1069 4464 1140 4521 liber
1157 4466 1191 4521 ab
1212 4467 1283 4523 omni
1302 4467 1398 4523 canina
1416 4466 1574 4524 inverecun-
