3420 5408
1408 458 1448 520 21

313 625 362 688 Ad
385 626 562 707 Diogenem
586 632 741 706 revertor.
782 625 915 709 Semper
938 646 1041 710 paene
1064 627 1197 696 offendit
1219 631 1450 712 Epicureorum

223 733 460 798 successionum
484 734 680 798 diuturnitas
704 734 884 816 aDiogenc
900 735 1088 816 praedicata
1103 737 1134 800 X
1151 740 1185 802 9:
1210 736 1228 821 ἢ
1250 765 1286 805 ιε
1309 741 1450 828 διαδοχή

222 841 340 903 πασῶν
370 839 489 919 σχεδὸν
516 839 717 905 ἐκλιπουσῶν
744 843 809 904 τῶν
832 840 942 906 ἄλλων
964 839 996 916 ἐς
1019 838 1072 905 ἀεὶ
1094 843 1293 927 διαμένουσα
1316 850 1371 912 καὶ
1397 872 1449 935 νη-

221 950 362 1031 ρίθμους
395 943 499 1029 ἀρχὰς
538 945 728 1013 ἀπολύουσα
766 944 869 1032 ἄλλην
906 945 942 1026 ἐξ
980 947 1080 1033 ἄλλης
1116 950 1183 1016 τῶν
1219 959 1389 1039 γνωρίμων
1397 952 1447 1040 ¹⁹).
1479 1007 1495 1030 .
1595 967 1603 978 ”

221 1053 395 1131 Quomiuus
430 1053 561 1119 Laertio
595 1053 691 1119 fidem
725 1054 913 1135 habeamus,
950 1055 1140 1123 Nietzscheo
1172 1059 1277 1126 iudica
1313 1062 1449 1143 impedit

219 1179 291 1226 cum
314 1162 505 1226 altissimum
528 1167 673 1226 veterum
697 1162 853 1227 decanta
877 1162 1005 1227 scholae
1027 1165 1248 1246 perpetuitate
1274 1168 1446 1251 silentium,

218 1274 288 1334 tum
322 1269 436 1335 Suidas
470 1268 558 1333 ultra
591 1269 770 1350 Augustum
806 1269 1039 1334 successionem
1073 1289 1136 1336 nou
1172 1272 1343 1340 deducens,
1368 1293 1392 1340 s.
1416 1295 1445 1341 v.

211 1374 410 1463 Ἐπίκουρος.
459 1377 609 1443 Oblocuti
637 1382 713 1442 sunt
734 1376 1004 1442 Fraudenthalius
1027 1396 1058 1459 p.
1078 1379 1143 1444 308
1166 1398 1197 1444 n.
1224 1386 1257 1445 at
1284 1381 1445 1447 Dielesius

217 1505 248 1567 p.
266 1487 331 1550 245
355 1505 385 1550 n.
431 1487 576 1567 impares
604 1486 765 1567 utrimque
795 1485 1021 1566 auctoritatae,
1057 1486 1194 1567 imparia
1225 1486 1322 1552 etiam
1351 1507 1446 1570 argu-

216 1594 424 1658 mentationis
436 1597 607 1658 momenta.
633 1569 1046 1657 Audiamus⁴Numenium
1062 1592 1443 1679 Neoplatonicum²⁰).

215 1700 247 1764 Is
272 1719 343 1765 cum
365 1700 629 1765 Academicorum
652 1699 895 1782 Stoicorumque
924 1700 1117 1765 discordiam
1145 1701 1313 1782 epicureaa
1337 1707 1445 1768 sectae

216 1809 385 1872 consensui
409 1812 602 1889 opponeret,
632 1807 770 1872 dilucide
798 1806 1015 1888 descripsit,
1046 1812 1083 1871 ut
1109 1825 1169 1872 nec
1192 1806 1317 1873 Stoicos
1340 1825 1444 1890 neque

215 1913 391 1994 Epicureos
427 1914 566 1979 secundo
595 1918 670 1997 post
698 1913 770 1980 Chr.
802 1934 833 1977 n.
865 1913 992 1978 saeculo
1022 1911 1210 1979 defloruisse
1245 1913 1443 1996 significaret

216 2024 312 2102 etqua
348 2020 427 2086 adeo
458 2021 635 2102 Epicureos
669 2021 703 2086 in
737 2025 903 2102 posterum
939 2037 1010 2085 esse
1046 2021 1218 2085 duraturos
1253 2023 1442 2088 concordiae

214 2127 340 2194 vinculo
356 2129 501 2212 integros
519 2133 741 2210 auguraretur.
776 2127 855 2193 (ium
870 2128 931 2194 hoc
945 2127 1064 2193 iudicio
1078 2127 1196 2193 Suidae
1211 2129 1440 2212 testimonium,

213 2235 307 2300 ruodo
323 2235 533 2317 neglegenter
543 2235 759 2316 perscriptum
772 2234 931 2316 largiaris,
949 2234 1147 2299 conciliatur.
1179 2234 1290 2317 Neque
1307 2237 1441 2301 enimin

212 2341 293 2423 ipsis
302 2341 501 2407 Athenarum
516 2342 655 2408 hortulis
670 2342 758 2406 ultra
769 2341 907 2424 Augusti
923 2346 1050 2423 tempus
1067 2341 1262 2407 domicilium
1278 2342 1441 2409 habebant

212 2591 368 2664 ἀπεδέχετο,
398 2593 461 2662 ηησὶ
488 2583 607 2658 Διοκλῆς,
634 2591 685 2643 τῶν
713 2590 834 2662 ἀρχαιων
858 2588 1049 2662 Ἀναξαγόραν.
1090 2588 1183 2644 Vertit
1206 2590 1252 2644 Fr.
1281 2590 1437 2645 ‘maximam

211 2682 367 2751 dogmatum
393 2686 499 2750 partem
532 2695 593 2735 eum
620 2679 799 2750 Anaxagorae
818 2678 944 2735 debuisse
969 2678 1055 2734 refert
1083 2678 1211 2733 Diocles'.
1266 2678 1436 2735 vertendum

211 2777 283 2825 erat:
304 2772 432 2827 ‘maxime
451 2778 575 2828 veterum
593 2770 722 2839 probavit
739 2771 947 2838 Anaxagoram’.
984 2769 1016 2823 In
1035 2784 1089 2837 quo
1108 2769 1175 2838 quid
1197 2768 1233 2823 sit
1251 2769 1374 2838 Epicuro
1393 2770 1435 2824 in·

210 2860 330 2930 dignum,
353 2877 410 2916 non
433 2863 522 2918 rideo.
542 2893 576 2902 -
601 2862 694 2916 Etiam
713 2861 888 2916 Democritus
911 2859 958 2931 [cf.
978 2859 1089 2914 Sextum
1108 2857 1279 2928 Empiricum
1297 2857 1350 2912 Vll
1372 2859 1434 2930 140]

209 2950 389 3020 Anaxagorae
412 2952 488 3006 laudi
513 2951 610 3020 vertit,
636 2952 709 3020 quod
728 2967 856 3006 sensuum
879 2965 958 3004 sensa
976 2949 1010 3004 ad
1030 2964 1062 3002 ea
1081 2963 1150 3016 quae
1170 2946 1325 3016 cognitione
1343 2948 1432 3016 perci-

208 3038 322 3107 piuntur
355 3041 427 3094 viam
460 3043 567 3112 aperire
600 3043 742 3097 contendit
767 3041 815 3112 [cl.
841 3040 956 3095 Hirzelii
980 3038 1237 3106 ‘Uuterauchungen
1264 3052 1297 3089 zu
1322 3036 1433 3091 Ciceros

207 3129 306 3197 philos.
325 3129 460 3185 schriftcn
477 3148 504 3200 p.
526 3136 574 3188 141
595 3132 674 3202 sqq.].

279 3217 316 3290 ¹⁹)
334 3219 481 3289 Nunquam
499 3221 537 3276 de
557 3235 590 3276 se
608 3220 683 3290 ipso
703 3235 806 3275 suove
825 3225 979 3288 tempore
998 3214 1244 3273 Laertiuminveui
1262 3214 1430 3270 mendacem:

207 3308 388 3364 doctrinae
408 3311 525 3379 speciem
544 3311 670 3366 ementiri
688 3310 765 3365 solat
811 3309 863 3365 Vel
881 3311 950 3364 haec
967 3307 1093 3362 minuunt
1115 3305 1343 3362 Nietzscheanam
1372 3303 1430 3372 opi·

205 3398 343 3453 nationem
362 3405 444 3468 atque
463 3401 532 3456 adeo
551 3400 716 3456 convellunt.

276 3487 314 3558 ²⁰)
331 3490 392 3559 περὶ
415 3491 459 3556 τῆς
481 3487 534 3544 τῶν
555 3490 762 3562 Ἀκαδημαϊκῶν
784 3490 852 3562 πρὸς
876 3487 1012 3544 Πλάτωνα
1035 3485 1199 3547 διαστάσεως
1221 3484 1264 3539 ed.
1288 3482 1430 3552 Thadiuga

206 3576 327 3647 [Bonnae
348 3579 428 3648 1875]
448 3595 474 3648 p.
495 3581 537 3650 29,
557 3583 573 3636 3
593 3596 663 3648 sqq.:
683 3577 778 3651 ὑπῆρξέ
797 3600 823 3634 τε
835 3582 864 3633 ἐκ
876 3580 923 3634 τοῦ
941 3580 984 3633 ἐπὶ
995 3582 1120 3633 πλεῖστον
1132 3581 1188 3636 τοῖς
1200 3578 1337 3647 μετέπειτα
1352 3573 1428 3627 'Enr-

203 3671 332 3736 κουρείοις
356 3667 421 3739 μηδ’
444 3666 542 3729 αὑτοῖς.
558 3674 640 3725 εἰπεῖν
663 3691 706 3724 πω
725 3675 847 3725 ἐναντίον
870 3668 945 3740 [οὔτ’Ι
962 3665 1090 3735 ἀλληλοις,
1104 3665 1157 3720 οὔτ’
1176 3661 1329 3733 Ἐπικούρῳ
1350 3661 1428 3715 uncis

204 3752 315 3808 inclusit
338 3754 575 3829 Wilamewitzius]
605 3761 689 3833 μηδὲν
716 3764 754 3820 εἷς
780 3762 876 3832 μηδὲν,
906 3756 966 3813 ὅτου
993 3758 1039 3812 καὶ
1065 3756 1220 3829 μνησθῆναι
1243 3752 1331 3813 ἄξιον·
1369 3749 1427 3803 ἀλλ’

200 3844 273 3896 ἔστιν
295 3842 387 3904 αὐτοῖς
411 3846 604 3920 παρανόμημα,
630 3850 732 3921 μᾶλλον
756 3850 785 3903 δ’
811 3848 939 3921 ἀσέβημα,
964 3850 1010 3902 καί
1028 3850 1209 3917 κατέγνωσται
1228 3842 1426 3913 [coenomyam-

201 3951 262 3986 πται
280 3932 349 3986 coni.
363 3933 598 4006 Wilanoriczius]
618 3939 649 3992 τὸ
667 3943 876 4010 καινοτομηθέν·
899 3938 945 3992 διὰ
964 3938 1041 3992 τοῦτο
1057 3934 1146 3996 οὐδεὶς
1164 3933 1226 3988 οὐδὲ
1244 3930 1338 4002 τολμᾷ,
1357 3928 1424 3982 κατὰ

200 4020 299 4087 πολλὴν
317 4023 347 4075 δὲ·
366 4021 471 4093 εἰρήνην
488 4025 577 4089 αὐτοῖς
596 4027 687 4100 ἠρεμεῖ
705 4029 737 4082 τὰ
761 4027 886 4101 δόγματα
906 4025 956 4082 ὑπὸ
978 4029 1022 4093 τῆς
1046 4029 1074 4080 ἐν
1097 4024 1214 4090 ἀλληλοις
1233 4022 1336 4075 crinon
1356 4037 1424 4089 σομ-

200 4117 315 4181 ηωνίας·
339 4115 405 4167 ἔοικέ
422 4133 450 4168 τε
468 4111 482 4180 ἢ
497 4113 656 4188 Ἐπικούρου
675 4118 798 4190 διατριβὴ
816 4122 934 4189 πολιτεία
958 4117 1010 4171 τινὶ
1033 4114 1128 4182 ἀληθεῖ
1151 4108 1348 4179 ἀσταοιοστδιη,
1368 4127 1423 4160 κοι-

198 4199 248 4254 νὸν
265 4201 311 4254 ἕνα
333 4199 397 4255 νοῦν
414 4207 485 4274 μίαν
507 4204 619 4276 γνώμην
643 4207 744 4281 ἐχούσῃ,
762 4209 811 4279 ἀφ’
829 4202 859 4276 ἧς
877 4203 945 4274 ἦσαν
967 4211 1014 4262 κατ’
1032 4210 1084 4261 εἰσι
1101 4205 1147 4259 καὶ
1165 4199 1201 4262 ὥς
1217 4205 1301 4256 ἔοικεν
1319 4203 1423 4254 ἔσονται

198 4288 399 4360 questuosa·
422 4291 473 4362 §A
490 4294 523 4348 τὰ
542 4297 572 4349 δὲ
590 4296 643 4362 τῶν
661 4299 781 4352 στωϊκοῖν
800 4299 977 4364 ἔστασίασται,
995 4295 1134 4368 ἀρξάμενα
1152 4291 1205 4348 ἀπὸ
1218 4291 1271 4344 τῶν
1283 4285 1422 4360 δρχόντων

197 4381 242 4434 κατ’
259 4383 371 4452 μηδέπω
389 4381 546 4439 τελευτῶντα
564 4386 620 4441 καὶ
639 4386 698 4440 νῦν
716 4391 769 4442 κτλ.
