3420 5408
361 484 403 546 76

450 661 629 743 Supersunt
653 662 809 742 adespota
833 667 884 725 sat
907 660 1017 726 multa.
1062 663 1174 726 Denuo
1198 662 1300 742 igitur
1323 664 1530 743 accingamur
1554 667 1589 729 ut

359 789 443 835 nova
472 770 681 851 acquirantur
710 770 751 832 ad
779 769 989 834 resecandum
1018 787 1117 833 arma.
1172 769 1218 833 Ac
1246 769 1385 850 primum
1411 769 1523 834 Albini
1547 769 1586 852 [.

362 879 425 941 160
447 896 479 958 p.
506 875 595 960 Chr]
623 875 809 957 philosophi
834 876 1001 958 Smyrnaei
1031 877 1207 959 εἰσαγωγὴν
1234 879 1280 950 οῑς
1306 876 1381 950 τοδς
1409 876 1588 950 Πίοίοανος

359 981 532 1062 διαλόγους
558 983 666 1063 placet
689 984 869 1064 adsumere,
886 983 1009 1049 'deinde
1034 983 1131 1050 Gellii
1155 987 1266 1048 noctes
1289 983 1423 1048 Atticas.

754 1194 782 1236 c.
807 1179 852 1232 llo
870 1177 982 1234 Alblno
1000 1179 1032 1234 ot
1050 1178 1189 1234 Laertio.

451 1302 571 1368 Contra
595 1321 685 1385 spem
701 1304 886 1384 nuperrime
909 1303 1122 1384 paupertinae
1140 1303 1247 1368 Albini
1270 1304 1422 1385 isagogae
1440 1307 1582 1386 contigit,

358 1416 395 1475 ut
418 1410 574 1491 peculiari
597 1410 680 1475 libro
704 1415 737 1474 et
761 1411 911 1474 ederetur
934 1409 1135 1474 emendatior
1152 1415 1185 1474 et
1205 1412 1475 1476 commentatione
1497 1431 1584 1494 egre·

358 1518 412 1598 gia
446 1515 683 1581 inlustraretur.
737 1516 853 1582 Confer
887 1517 1130 1582 Frendenthalii
1165 1517 1273 1582 studia
1306 1517 1511 1584 hellenistica
1539 1519 1585 1583 III

359 1624 435 1688 ‘Der
459 1623 648 1688 Platoniher
671 1623 806 1688 Albinus
835 1623 901 1688 und
930 1624 988 1688 der
1018 1623 1139 1688 ialsche
1163 1624 1326 1690 Alhinoos'
1352 1624 1463 1690 Berlin
1490 1627 1581 1690 1879.

358 1731 494 1796 Possum
530 1730 673 1795 breuiter
708 1730 859 1812 supplere
889 1749 972 1812 quae
1003 1731 1183 1812 supplenda
1211 1749 1282 1795 esse
1310 1733 1359 1796 vir
1387 1733 1443 1797 illa
1473 1731 1583 1798 doctus

358 1836 561 1919 significavit.
602 1837 737 1902 Albinus
761 1838 845 1901 enim
862 1839 901 1902 de
926 1839 1056 1919 scriptis
1072 1837 1218 1902 Platonis
1236 1840 1393 1903 —vitam
1418 1841 1526 1904 omisit
1540 1877 1584 1886 -—

357 1945 492 2010 meliora
503 1943 635 2008 Laertio
647 1942 801 2007 nonnulla
813 1949 847 2008 et
858 1945 1005 2025 pleniora
1017 1945 1159 2009 eiusdem
1176 1952 1284 2010 tamen
1299 1944 1423 2010 farinae
1439 1946 1581 2011 tradidit.

445 2051 587 2115 Paucula
621 2051 655 2114 in
690 2051 873 2116 universum
901 2050 1068 2132 praefatus
1102 2047 1233 2134 dialogi
1257 2050 1478 2124 definitionem
1511 2073 1584 2135 pro·

381 2158 467 2223 osuit
490 2177 515 2222 c.
540 2158 564 2222 1.

357 2177 378 2238 p
403 2284 428 2330 c.
468 2265 500 2329 II
523 2265 605 2328 hanc
629 2263 848 2329 definitionem
866 2268 1015 2328 accurate
1032 2271 1280 2331 commentatur:
1305 2267 1338 2330 id
1360 2266 1441 2331 nihil
1458 2267 1499 2330 ad
1514 2285 1582 2330 nos.

402 2391 428 2436 c.
452 2372 501 2436 III
524 2372 565 2435 ad
588 2376 739 2435 naturam
762 2371 882 2452 dialogi
899 2371 1058 2437 Platonici
1081 2374 1288 2456 progreditur
1308 2375 1559 2439 examinandam.

403 2498 428 2544 c.
453 2480 498 2546 IV
523 2497 594 2542 cum
618 2478 683 2541 alia
710 2477 809 2542 habet
837 2483 906 2542 tum
933 2479 1018 2543 unde
1041 2480 1074 2543 in
1102 2481 1327 2546 enumerandis
1351 2482 1489 2564 dialogis
1512 2481 1583 2546 Pla·
1684 2523 1685 2532 .

518 2585 604 2649 tonis
628 2585 836 2649 exordiantur
860 2586 971 2651 critici.

445 2692 675 2771 Quaestionem
699 2710 737 2755 eo
752 2693 914 2772 promouit
929 2693 1173 2760 Freudenthalii
1190 2697 1368 2778 diligentia,
1394 2701 1430 2760 ut
1452 2697 1477 2760 I.
1502 2700 1582 2760 tem·
1684 2715 1685 2780 }

355 2819 415 2881 pus
447 2799 589 2864 auctoris
614 2798 722 2866 Albini
751 2799 934 2864 conlocaret
961 2801 1046 2866 inter
1076 2801 1278 2886 Thrasyllum
1307 2808 1341 2867 et
1367 2803 1517 2868 Albinum
1540 2802 1578 2886 [c.
1684 2785 1685 2874 J

359 2908 420 2970 152
445 2926 477 2987 p.
503 2905 576 2970 Chr.
606 2904 644 2969 cf.
676 2905 871 2970 Fraudenth.
902 2927 932 2988 p.
963 2910 1027 2972 242
1054 2908 1148 2997 sqq.]‚
1178 2911 1217 2975 11.
1248 2910 1485 2992 philosophiam
1514 2909 1581 2973 eius

355 3013 532 3078 Platonicis
549 3011 829 3093 Aristotelicisque
852 3013 983 3094 placitis
1007 3018 1211 3083 commixtam
1226 3018 1421 3097 ostenderet,
1446 3017 1502 3080 ΠΙ.
1528 3016 1580 3081 dc·
1684 3023 1685 3102 ζ

356 3121 452 3201 nique
476 3119 613 3184 cundem
641 3120 739 3184 etiam
767 3119 832 3183 alia
854 3121 1044 3200 praebuisse
1067 3125 1198 3190 Laertio
1227 3125 1452 3190 arbitraretur.
1501 3123 1580 3188 Con·
1684 3127 1685 3160 r

355 3227 488 3290 veniunt
514 3225 594 3290 haec
622 3227 655 3290 in
685 3227 888 3292 Fauorinum.
936 3228 1006 3308 Qui,
1040 3236 1076 3295 ut
1110 3232 1236 3296 mittam
1272 3236 1397 3310 cetera,
1422 3229 1580 3312 Thrasylli
1684 3235 1685 3276 f

355 3332 432 3396 fecit
460 3334 584 3414 copiam
614 3334 760 3414 Laertio,
785 3334 931 3399 Platonis
962 3341 995 3400 at
1022 3336 1208 3403 Aristotelis
1237 3339 1327 3402 iuxta
1358 3343 1501 3404 sectator
1528 3337 1578 3421 [ci.
1684 3341 1685 3344 ’

356 3440 479 3505 Gelhus
502 3440 588 3521 XXI,
615 3444 644 3521 1,
670 3443 700 3506 9.
748 3441 882 3506 Marres.
907 3461 938 3523 p.
965 3442 1007 3506 54
1031 3441 1126 3528 sqq.].
1177 3445 1365 3511 Exscribam
1393 3463 1476 3527 quae
1509 3463 1581 3510 con-

356 3548 503 3628 condant·

488 3724 616 3778 Laertius
634 3723 675 3776 111
693 3726 728 3780 56
747 3740 807 3792 sqq.
966 3724 970 3813 l
995 3724 1251 3796 Albinusp.149,b
1273 3725 1485 3796 [menduces
1498 3728 1568 3799 sqq]

357 3817 514 3825 ——-

356 3868 563 3959 Θράσυλος
594 3871 633 3935 δέ
662 3888 740 3956 φησι
770 3874 826 3934 ιιαὶ
858 3871 940 3933 κατὰ
996 3873 1076 3937 alul
1106 3873 1149 3936 δὲ
1177 3872 1215 3937 ol
1237 3873 1293 3936 καί
1321 3873 1405 3937 κατὰ
1433 3873 1579 3960 τετραλο-

355 3980 416 4062 τήν
438 3975 592 4065 τραγικήν
607 3977 818 4062 τετραλογίαν
835 3976 942 4042 dudod—
995 3982 1072 4056 γίαν
1100 3977 1259 4054 διελόντες
1288 3975 1405 4053 αὐτοὺς
1427 3979 1485 4044 καὶ
1508 3979 1580 4043 τότ-

292 4129 295 4136 .
356 4109 412 4151 ναι
434 4080 538 4150 αὐτόν
561 4085 636 4158 τούς
659 4079 841 4166 διαλόγους.
996 4099 1087 4151 τουσι
1125 4085 1255 4173 πρώτην
1293 4111 1319 4152 τ.
1368 4091 1579 4173 περιέχουσαν

354 4193 403 4258 ΠΙ
419 4192 460 4256 57
485 4187 614 4276 πριότην
636 4191 698 4274 μὲν
714 4187 772 4256 οὖν
795 4191 941 4274 crapulo-
995 4194 1052 4258 τόν
1074 4191 1277 4281 Ευδόφρονα
1299 4194 1355 4258 καὶ
1380 4191 1437 4277 τὴν
1460 4190 1579 4258 ἀποίο-

355 4307 431 4378 γίαν
445 4304 556 4384 τίθησι
574 4295 633 4382 τὴν
648 4300 762 4382 κοινήν
776 4297 941 4365 orosam
994 4304 1071 4380 γίαν
1097 4300 1153 4363 καὶ
1183 4298 1243 4366 τόν
1265 4306 1412 4385 Κρίτωνα
1442 4297 1498 4362 καὶ
1524 4299 1579 4363 τὸν
1684 4353 1685 4378 ,

356 4404 941 4495 ἔχονοαν...58ταότηςδὲτῆςτετρα·
996 4408 1154 4474 Φαίδωνα
1256 4409 1371 4494 ταύτης
1400 4412 1454 4491 τῆς
1483 4406 1579 4492 δόξης
1684 4421 1685 4456 l
