3432 5400
1352 453 1414 514 117

185 626 369 691 nominibus
404 624 562 689 similibus
601 625 665 688 iam
706 625 885 706 antiquitus
924 643 995 690 esse
1033 624 1297 710 vacillatum¹²⁰):
1337 628 1418 692 talia

185 736 288 816 igitur
317 737 508 816 argumenta
538 734 571 797 in
601 737 750 797 neutram
777 737 904 814 partem
932 731 1009 797 licet
1031 731 1258 818 adbibere¹²¹).
1305 734 1418 817 Neque

186 861 269 924 opus
298 846 349 906 est
377 840 456 922 illis,
489 841 516 905 si
546 841 675 922 quidem
704 844 855 922 prostant
884 841 948 904 alia
977 844 1011 904 et
1040 840 1189 921 graviora
1217 841 1305 906 velut
1328 841 1415 908 Suid.

186 971 211 1015 S.
231 971 259 1016 v.
278 946 503 1032 Θεόφραστος·
527 945 683 1011 Μελάντα
707 952 856 1030 κναφέως
879 946 915 1012 oi
938 941 980 1010 δὲ
995 951 1168 1020 Λέοντος
1191 942 1415 1034 ἀπ’Ἕρεσσοῦ.

186 1075 211 1121 3.
238 1075 266 1120 v.
286 1051 502 1139 ἘπιμενίδηςΙ
548 1056 694 1118 Φαίστου
730 1049 750 1138 ἢ
780 1052 947 1118 Δοσιοὶδου
979 1052 1229 1140 η”Λγιασάρχοο
1261 1053 1328 1128 vida
1351 1061 1416 1120 καὶ

186 1161 333 1248 μητρὸς
358 1161 556 1233 alcazar.
582 1180 607 1225 3.
633 1181 661 1225 v.
680 1160 812 1223 Θεανιι1’
837 1158 1014 1247 θυγάτηρ
1037 1164 1109 1246 μὲν
1134 1160 1415 1238 Πυθώνακτος.

279 1269 357 1334 Cum
392 1287 474 1350 quae
509 1268 679 1334 latioribus
714 1269 800 1350 typis
835 1268 944 1334 notavi
979 1269 1086 1333 desint
1121 1271 1206 1352 apud
1240 1271 1415 1352 Laertium,

187 1378 317 1443 aliunde
345 1381 438 1458 patet
468 1375 615 1442 hausisse
643 1376 847 1458 Hesychium.
902 1376 985 1454 Quid
1014 1381 1126 1442 eontra
1154 1377 1326 1442 Flacbius?
1371 1379 1417 1443 Ut

184 1487 274 1552 locos
299 1483 451 1564 auferret,
476 1489 510 1549 et
533 1485 751 1566 conjecturam
774 1483 934 1548 commisit
961 1481 1032 1548 τοῦ
1055 1487 1198 1555 Λέοντος
1221 1505 1280 1566 pro
1309 1483 1347 1549 ol
1370 1482 1417 1548 δὲ

187 1600 231 1657 Λ.
256 1597 290 1656 31
313 1592 546 1675 opinationem:
583 1591 683 1656 luisse
706 1591 857 1656 videlicet
873 1590 1038 1654 Laertinm
1061 1589 1249 1672 pleniorem.
1290 1593 1353 1657 Sed
1376 1611 1416 1656 ne

185 1700 337 1765 Flacbius
361 1701 490 1782 quidem
514 1699 621 1764 omnia
644 1717 727 1780 quae
750 1697 929 1780 Hesychius
953 1703 1084 1779 praeter
1107 1698 1281 1765 Laertiana
1304 1706 1417 1766 nostra

185 1809 286 1873 habet
309 1809 351 1872 ad
373 1809 551 1891 pleniorem
576 1806 675 1871 refert
698 1807 878 1885 Laertium,
904 1805 960 1870 sed
985 1805 1136 1887 opinatur
1158 1807 1353 1889 Hesychium
1377 1827 1416 1872 ex

186 1918 290 1982 altero
314 1917 512 1999 prompsisse
536 1914 730 1997 biographo,
755 1914 841 1995 quod
864 1931 922 1977 333
945 1913 1077 1995 probari
1100 1917 1210 1995 potest
1234 1919 1266 1979 et
1290 1914 1416 1980 conclu·

186 2025 326 2088 dandum
366 2029 453 2089 esset
489 2024 587 2087 istum
626 2021 770 2104 quisquis
808 2019 870 2084 fuit
909 2019 1105 2084 simillimum
1138 2019 1281 2085 futurum
1315 2021 1415 2088 fuisse

184 2132 365 2214 biographo
390 2131 564 2196 Laertiano
588 2149 625 2194 33
648 2147 751 2211 paene
776 2127 956 2210 gemellum.

278 2241 307 2303 3.
332 2239 513 2319 Immerito,
543 2238 629 2320 quod
652 2236 806 2301 articulos
830 2236 985 2318 quosdam
1010 2235 1219 2300 Nietnsebeus
1244 2237 1417 2320 adscripsit

186 2346 349 2428 Hesychia
367 2351 401 2410 et
416 2364 479 2410 non
495 2345 637 2425 Laertio,
654 2364 686 2426 p.
705 2343 746 2407 52
763 2343 960 2424 vituperavit
975 2342 1134 2411 Flacbius.
1171 2342 1268 2408 Velut
1283 2343 1416 2409 Snidam

185 2475 211 2521 s.
221 2477 257 2538 v.
275 2453 403 2541 Κράτης
420 2459 452 2519 31
476 2473 500 2519 s.
514 2474 543 2519 v.
559 2448 766 2533 Πυθαγόρας
781 2469 884 2533 paene
902 2452 1031 2515 omnia
1047 2470 1086 2515 ex
1102 2452 1234 2518 Laertio
1250 2454 1415 2520 derivasse
1483 2509 1485 2518 .

184 2563 273 2626 illius
305 2542 370 2626 est¹
383 2562 500 2644 opinio.
547 2560 586 2624 Id
614 2559 642 2623 si
671 2557 770 2623 semel
800 2557 1000 2652 factumest
1029 2577 1092 2641 qua
1122 2561 1257 2625 audacia
1285 2562 1414 2643 saepius

184 2671 331 2751 potuisse
355 2667 425 2732 lieri
449 2666 663 2749 negabimus?
710 2666 885 2730 Audiamus
901 2665 1080 2731 llachinm:
1113 2667 1265 2732 ‘Eudocia
1288 2669 1413 2734 131110-

183 2777 267 2841 lario
293 2793 317 2840 3.
342 2794 370 2839 v.
396 2779 568 2857 postquam
593 2772 723 2854 scripsit
740 2772 864 2858 Κράτης
881 2769 1049 2838 'Amarda
1065 2776 1210 2860 Θηβαῖος
1233 2771 1414 2860 φιλόσοφος

184 2879 310 2954 κυνικὸς
344 2882 495 2966 μαθητὴς
526 2883 701 2961 Διογένους
734 2878 790 2942 καὶ
827 2880 997 2965 Βρύσωνος
1032 2881 1090 2945 τοῦ
1111 2877 1248 2961 Ἀχαιοῦ
1283 2882 1412 2947 deserto

184 2989 337 3074 Hesychii
372 2988 475 3053 lexico
512 3006 550 3052 ex
585 2986 716 3052 scholiis
751 2987 783 3051 in
820 2987 1012 3068 Gregorium
1047 2987 1123 3051 Nan.
1162 2986 1320 3070 [Nouml
1355 2989 1411 3073 28]

184 3096 387 3162 historiolam
422 3096 582 3178 quandam
607 3095 723 3159 adsuit.
770 3095 813 3159 Et
836 3095 952 3158 mirum
976 3100 1039 3175 est,
1064 3095 1150 3177 quod
1174 3096 1272 3160 etiam
1296 3095 1412 3162 Suidas

182 3205 258 3270 inde
279 3203 319 3268 ab
334 3201 470 3285 Ἀχαιοῦ
494 3202 609 3286 [33333
634 3221 671 3266 30
703 3203 787 3266 enim
816 3202 945 3283 egregie
970 3220 1040 3266 cum
1063 3201 1207 3266 Eudocia
1237 3202 1410 3287 consentit]

184 3312 224 3376 ab
248 3311 409 3392 Hesychio
436 3311 556 3375 transit
586 3309 965 3390 adLaertian187,
998 3314 1034 3373 ut
1062 3310 1196 3374 eandem
1223 3329 1320 3393 quam
1348 3311 1411 3374 Eu-

184 3419 277 3484 decia
307 3437 346 3483 ex
375 3418 504 3483 scholiis
533 3419 565 3482 13
591 3417 782 3499 Gregorium
806 3435 825 3480 a
848 3417 978 3481 Laertio
1007 3416 1167 3481 adsciscat
1196 3416 1407 3482 historiolam.

184 3525 342 3590 Secuntur
366 3525 430 3589 alia
447 3529 598 3606 excerpta
614 3525 742 3589 aliunde
760 3524 972 3605 adglutinata,
997 3524 1094 3606 idque
1109 3524 1241 3589 Flachio
1258 3526 1410 3606 adparuit

183 3651 223 3696 ex
250 3633 474 3713 pronominum
503 3629 539 3703 ὅς
569 3636 604 3696 31
632 3626 723 3704 οὗτος
750 3650 819 3696 333.
870 3630 939 3694 Iam
967 3649 1043 3696 vero
1073 3631 1100 3695 si
1136 3633 1311 3696 communis
1344 3633 1409 3697 ista

182 3738 425 3803 narratiuncula
469 3739 555 3820 apud
592 3738 787 3820 Hesychium
833 3739 1010 3818 extitisset,
1062 3757 1118 3802 eur
1164 3739 1204 3803 ab
1247 3739 1408 3820 Hesychia

255 3948 305 4018 111)
323 3949 413 4004 Unum
441 3965 529 4018 nuper
555 3950 692 4019 protraxit
719 3950 898 4019 Kieislingius
928 3949 1066 4019 [analecta
1089 3948 1243 4004 Catulliana
1268 3949 1407 4018 Gryphiae

184 4041 251 4094 1877
271 4055 297 4107 p·
317 4041 333 4092 7
352 4038 390 4108 n.]
416 4054 449 4092 ex
467 4039 621 4108 Porphyrio
647 4041 718 4111 [περὶ
743 4041 796 4093 τῶν
819 4043 1074 4112 παραλελειμμένων
1097 4040 1131 4109 τῷ
1151 4039 1241 4109 ποιητῇ
1258 4035 1404 4110 ὀνομάτων.

182 4127 223 4182 Gi.
246 4127 410 4181 Eustatbius
433 4127 468 4180 ad
492 4127 514 4180 B
537 4129 588 4182 701
613 4145 639 4197 p.
663 4130 715 4184 325
735 4130 798 4198 sq.].
835 4129 926 4184 Laert.
951 4129 991 4182 IV
1015 4131 1048 4183 28
1070 4127 1238 4197 Ἀρκεσίλαος
1262 4126 1367 4182 Σεύθου
1391 4127 1406 4196 ἢ

181 4219 329 4284 Σκύθου,
353 4214 388 4278 ὡς
403 4216 601 4289 Ἀπολλόδωρος
619 4223 671 4272 κτλ.
691 4217 801 4272 Σκύθου
819 4216 919 4271 iniuria
942 4216 1104 4285 expunxisse
1124 4214 1257 4270 Cobetum
1276 4219 1403 4274 ostendit.

254 4305 305 4376 111)
323 4306 364 4360 De
377 4306 522 4374 Agathone
534 4306 698 4363 Xenocratis
715 4312 796 4376 patre
809 4323 854 4362 res
868 4307 930 4376 alia,
949 4305 1014 4374 quia
1028 4304 1155 4376 Ἀγάθων
1172 4305 1405 4374 hypocoristicum

181 4403 223 4452 est
240 4395 343 4454 formae
359 4395 529 4466 Ἀγαθοένωρ.
