3420 5408
1304 447 1354 537 '73

127 652 203 734 Bp.
221 653 253 732 8,
279 655 298 716 9
324 671 393 736 sqq.
427 653 601 718 ‘Invenisse
623 651 792 716 Platonem
816 654 851 714 et
873 650 972 716 verba
995 655 1029 716 et
1050 669 1104 716 res
1126 657 1160 716 et
1174 652 1356 716 litterarum

288 777 418 840 genera,
442 759 531 825 velut
553 758 653 824 verba
676 755 853 842 ποιότητος,
882 753 1090 841 ἀντιπόδων,
1114 754 1233 843 μήκους
1259 753 1358 844 ἀριθ-

287 867 365 947 μοῦς
390 883 490 947 genus
513 867 698 931 litterarum
720 865 758 928 τὸ
780 861 978 945 σιαλογαόν’
1005 869 1065 929 eto.
1080 903 1121 912 -
1134 866 1242 930 Pauca
1257 866 1357 946 scrip-

288 973 333 1036 sit
347 972 454 1038 Laert.
474 970 631 1061 [pendens
655 971 882 1037 aFavorini
905 990 933 1036 o.
959 968 1017 1057 hl,
1041 971 1140 1053 Apul..
1161 973 1250 1037 nihil.
1269 972 1357 1049 Quae

292 1079 332 1144 de
362 1079 483 1162 dialogi
511 1080 696 1146 inventione
724 1083 896 1160 praeterea
918 1097 949 1159 p.
968 1081 999 1158 9,
1019 1078 1059 1142 18
1084 1078 1214 1144 exhibet
1237 1081 1276 1142 ‘al
1297 1076 1359 1164 γάρ

288 1207 334 1260 τις
357 1188 444 1250 εἴποι
467 1183 515 1250 ὅτι
538 1188 594 1249 καὶ
617 1183 730 1269 Ζήνων
753 1185 817 1270 πρὸ
841 1181 943 1250 αὐτοῦ
966 1181 1141 1266 διαλόγους
1158 1186 1282 1272 ἔγραψε
1304 1187 1359 1249 καὶ

295 1293 508 1378 Παρμενίδης,
542 1293 677 1378 ἐροῦμεν
705 1288 755 1356 ὅτι
785 1286 879 1366 οὗτος
906 1290 1048 1375 μάλιστα
1077 1288 1163 1377 αὐτῷ
1191 1291 1356 1377 ἐχρήσατο’

293 1417 403 1464 eorum
426 1399 588 1482 particula
610 1399 696 1464 redit
719 1398 805 1480 apud
828 1399 936 1462 baert.
963 1398 1004 1462 32
1029 1399 1062 1462 in
1086 1399 1179 1464 initio
1203 1400 1359 1465 librorum
1459 1462 1462 1466 ,

289 1505 406 1571 indicis
441 1504 626 1583 ιδιαλόγους
653 1509 764 1571 τοίνυν
792 1506 874 1587 φασὶ
902 1507 1032 1590 πρῶτον
1060 1504 1192 1590 γράψαι
1220 1507 1359 1590 Ζήνωνα

289 1609 346 1676 τὸν
363 1609 519 1698 Ἕλέατην
536 1663 565 1678 ..
583 1612 693 1677 δοκεῖ
713 1612 758 1676 δέ
779 1635 846 1696 μοι
865 1610 1004 1676 Πλάτων
1026 1607 1206 1698 ἀκριβώσας
1222 1611 1259 1676 τὸ
1275 1614 1360 1688 εἶδος

291 1720 345 1782 καὶ
369 1718 408 1783 τοὶ
434 1727 577 1805 πρωτεῖα
599 1719 732 1794 δικαίως
760 1718 804 1783 ἄν
828 1715 932 1805 ὥσπερ
955 1719 1013 1784 τοῦ
1036 1719 1175 1793 κάλλους
1199 1716 1360 1784 οὕτωκαὶ

289 1825 344 1910 τῆς
366 1822 521 1911 εὑρέσεως
544 1822 798 1910 ἆποφέρεσθαλ.
822 1863 868 1873 -
890 1825 978 1891 Nihil
1003 1826 1097 1907 Apul.

127 1951 160 2014 p.
188 1934 220 2012 9,
245 1934 288 1998 20
312 1951 380 2015 sqq.
409 1932 593 2016 ‘Octoginta
621 1951 719 1998 unum
748 1951 850 1998 annos
877 1938 988 1998 natum
1012 1933 1060 1998 Pl.
1090 1933 1287 1998 decessisse’.
1313 1971 1358 1982 -

290 2039 398 2104 Laert.
423 2036 489 2104 111²
515 2036 568 2127 [ex
590 2037 793 2127 Hermippo}
829 2039 923 2121 Apul.
948 2059 1012 2104 non
1035 2040 1123 2105 item:

220 2145 392 2230 Porphyrii
415 2152 450 2211 et
465 2147 589 2211 Laertii
614 2143 662 2234 [et
677 2141 808 2233 Apulei]
834 2165 1008 2214 consensus
1032 2167 1071 2212 ex
1093 2146 1191 2213 fontis
1214 2147 1356 2212 eiusdem

129 2271 191 2318 usu
215 2253 424 2334 explicandus
453 2258 512 2318 est.
561 2254 599 2318 Id
626 2253 713 2336 quod
739 2254 792 2318 vel
819 2272 882 2318 nno
907 2255 1053 2335 exemplo
1087 2253 1244 2335 probatur
1271 2254 1358 2336 quod

128 2360 215 2425 vinci
246 2365 395 2442 nequeat.
442 2360 642 2443 Porphyrius
670 2361 755 2426 enim
783 2361 952 2426 Platonem
980 2362 1167 2427 solemniter
1196 2361 1357 2443 sepultum

130 2472 165 2532 et
187 2466 249 2532 hoo
272 2467 505 2549 epigrammate
527 2467 721 2532 honoratum
745 2486 816 2533 esse
840 2468 990 2532 tradidit:

266 2575 348 2648 ιτοὺς
371 2569 423 2638 δύ’
439 2569 610 2639 Ἀπόλλων
633 2573 706 2660 pn?
720 2572 915 2660 Ἀσκληπιὸν
941 2571 997 2660 ᾗδὲ
1023 2574 1186 2642 Πλάτωνα

267 2681 410 2763 τὸνμὲν
432 2687 487 2746 ἵνα
509 2681 626 2768 ψυχήν,
650 2679 708 2747 τὸν
731 2681 758 2746 δ’
782 2689 838 2748 ἵνα
862 2683 953 2766 σῶμα
976 2684 1071 2748 oaot'.

222 2787 312 2866 Quod
336 2806 407 2852 oum
430 2805 535 2871 neque
556 2789 590 2853 in
604 2789 749 2871 Diogene
773 2790 955 2855 inveniatur
977 2809 1081 2872 neque
1105 2792 1137 2854 in
1154 2788 1300 2870 Apuleio,
1317 2785 1358 2849 ab

129 2894 190 2960 illo·
201 2895 363 2976 accepisse
376 2914 439 2960 non
452 2899 570 2976 potest.
604 2895 750 2960 Sederat
766 2895 799 2959 in
812 2897 970 2961 communi
982 2897 1172 2979 biographo,
1190 2895 1217 2959 si
1230 2893 1358 2975 quidem

129 3001 187 3067 illo
201 3002 243 3066 ad
256 3020 331 3067 suos
342 3001 518 3068 versiculos
531 3002 776 3067 consaroiendos
789 3002 939 3068 Laertius
955 3003 1077 3070 abusus
1091 3009 1151 3068 est.
1183 3001 1359 3082 Egregium

128 3109 204 3174 vide
227 3127 376 3174 versuum
399 3109 642 3191 pangendorum
665 3107 831 3188 artificem,
856 3114 969 3192 utpote
993 3109 1048 3191 qui
1071 3127 1173 3190 paene
1196 3108 1359 3189 integrum

130 3217 332 3298 epigramma
355 3215 598 3282 Atheniensium
621 3215 654 3280 in
678 3233 736 3280 sua
759 3217 921 3296 receperit
944 3216 1189 3297 epigrammata:

175 3323 225 3387 III
248 3324 291 3388 30
313 3322 379 3386 ἐστὶ
401 3324 457 3386 καὶ
477 3320 630 3408 ἡμέτερον
652 3325 697 3397 εἰς
720 3317 836 3387 αὐτόν·

222 3429 378 3512 καὶπῶς,
406 3431 436 3493 εἰ
456 3427 500 3514 μὴ
525 3433 647 3511 Φοῖβος
669 3425 721 3495 ἄν’
742 3425 888 3494 Ἑλλάδα
912 3425 1191 3515 persuadeam,

269 3537 377 3623 ψυχας
400 3531 591 3622 ἀνθρώπων
613 3533 796 3623 γράμμασιν
811 3531 961 3620 iudom

223 3645 278 3706 καὶ
302 3641 365 3729 γὰρ
388 3641 406 3708 ὁ
428 3644 524 3710 τοῦδε
546 3641 644 3722 γεγὼς
660 3638 852 3726 Ἀσκλὴποός
876 3640 960 3706 ἐστιν
982 3640 1072 3728 ῑρτὴρ

166 3789 172 3796 -
269 3750 428 3834 σώματος,
452 3749 495 3825 ὥς
517 3752 622 3836 ψυχῆς
645 3745 836 3814 ἀθανάτοιο
861 3746 1010 3814 Πλάτων.

313 3857 367 3921 καὶ
393 3857 477 3922 ἄλλο
500 3855 542 3931 ὥς
563 3855 730 3922 ἐτελεύτα·
764 3873 767 3878 “

225 3967 344 4046 Φοῖβος
367 3964 467 4047 ἔφυσε
488 3968 615 4050 βρυτοτς
632 3960 827 4051 Ἀσκλήπιον
849 3960 909 4048 ἠδὲ
933 3961 1099 4027 Πλάτωνα

269 4068 328 4137 τὸν
349 4076 411 4157 μὲν
434 4077 489 4137 ἳνα
513 4067 621 4156 ψυχὴν
643 4069 700 4135 τὸν
723 4071 753 4135 δ’
778 4077 834 4134 ἵνα
857 4075 949 4155 σῶμα
973 4081 1063 4135 σαυΐ·

133 4229 347 4299 olympiodorus
377 4229 411 4284 do
442 4227 588 4284 itineribus
617 4227 741 4283 Platonis
769 4234 882 4297 praeter
909 4227 1094 4297 Porphyrium
1124 4225 1267 4294 usurpavit
1295 4223 1361 4278 Plu-

134 4318 225 4373 tarchi
238 4318 354 4373 Dionem
375 4317 425 4386 [ol.
437 4316 600 4386 epimetrum
612 4315 664 4388 11].
691 4317 821 4371 Ceterum
839 4316 966 4372 schehin
983 4317 1100 4370 Aristot.
1119 4333 1146 4384 p.
1165 4316 1232 4370 335·
1246 4316 1281 4368 47
1301 4329 1360 4381 sqq.

135 4407 247 4462 videtur
265 4406 482 4476 Porphyrianum
503 4405 551 4476 [de
569 4405 758 4474 Anniceride}
