3420 5408
315 397 358 460 72

315 591 356 638 ne
380 574 452 654 quis
474 591 534 654 pro
550 571 722 654 Porphyrii
745 571 891 636 venditet
913 570 1099 636 auctoribus
1115 607 1157 618 -
1175 571 1208 636 id
1224 572 1310 652 qnod
1333 589 1393 653 per
1415 577 1550 654 tempus

315 681 430 744 liceret
460 716 503 726 —
531 678 732 744 instituenda
767 683 818 742 est
846 678 951 742 denuo
987 677 1195 760 comparatio.
1248 677 1371 759 Sequar
1406 679 1545 760 vestigia

318 787 404 852 vitae
427 786 455 850 B
480 782 538 873 [ιε
560 780 732 870 Anonymi]
758 784 946 865 diligentius
971 784 1112 865 scriptae
1135 803 1231 865 qnam
1253 785 1283 848 A
1307 781 1363 872 [=
1382 785 1545 868 Olympio-

318 889 441 979 dorus].

406 999 433 1064 B
457 999 492 1080 5,
520 1000 560 1063 18
587 997 643 1062 ‘Pl
670 997 710 1062 ab
734 995 895 1062 Aristocle
924 1017 984 1064 avo
1009 995 1200 1062 Aristoclem
1227 1001 1377 1062 uocatum
1407 999 1473 1064 sive
1502 998 1542 1066 ob

317 1108 458 1188 pectoris
470 1105 675 1170 latitudinem
689 1105 756 1170 sive
769 1103 810 1168 ob
822 1101 938 1169 frontis
948 1102 1192 1185 amplitudinem
1202 1102 1269 1169 sive
1276 1109 1411 1185 propter
1419 1105 1544 1170 dicendi

319 1212 549 1278 abundantiam
579 1229 694 1275 nomen
724 1211 888 1274 mutasse’.
914 1247 955 1256 —-
984 1209 1074 1274 idem
1102 1208 1278 1289 Diogenes,
1309 1210 1372 1274 nisi
1395 1211 1481 1291 quod
1503 1210 1544 1275 ad

318 1319 459 1399 priorem
471 1318 610 1383 nominis
622 1317 923 1398 interpretationem
939 1321 1056 1381 testem
1072 1314 1246 1395 adscripsit
1258 1315 1474 1381 Alexandrum
1485 1317 1545 1381 Po-

319 1425 518 1506 lyhistorem,
532 1424 574 1488 ad
585 1424 721 1488 alteram
733 1423 924 1487 Neanthem.
961 1422 1116 1504 Apuleius
1128 1421 1270 1503 priorem
1283 1423 1384 1488 solam
1396 1424 1543 1490 serravit.

319 1550 351 1612 p.
378 1534 407 1610 5,
433 1532 475 1594 28
505 1550 573 1612 sqq.
600 1530 776 1594 ‘Platonem
805 1548 881 1594 vere
909 1547 979 1594 esse
1004 1527 1208 1610 Apollineum
1238 1529 1360 1595 somnio
1390 1529 1545 1611 adparere

481 1637 644 1702 Socratis'.
668 1672 713 1684 -
736 1637 844 1700 Laert.
870 1636 964 1717 Apul.

320 1763 352 1825 p.
379 1745 408 1822 6,
435 1745 454 1806 6
479 1762 547 1826 sqq.
567 1744 669 1808 ‘Diem
685 1742 828 1807 natalem
844 1739 943 1806 inisse
958 1741 1065 1823 pridie
1081 1759 1176 1822 quam
1193 1739 1336 1806 Socratis
1352 1746 1386 1807 et
1401 1742 1543 1807 Dianae'.

481 1851 588 1915 Laert.
616 1846 668 1937 [ex
692 1845 915 1934 Apollodoro],
940 1849 1034 1930 Apul.

322 1976 353 2037 p.
380 1960 410 2036 6,
435 1958 477 2021 23
503 1955 694 2037 ‘Apollinem
719 1973 757 2018 ex
780 1955 964 2020 Perictione
988 1955 1137 2037 genuisse
1161 1955 1349 2020 Platonem’.
1371 1993 1417 2004 —
1438 1955 1544 2020 Laert.

486 2059 539 2148 [en
563 2063 753 2145 Speusippo,
780 2060 943 2141 Clearcho,
969 2058 1184 2148 Anaxilaide],
1209 2063 1303 2144 Apul.
1675 2123 1676 2140 ,

322 2189 354 2250 p.
380 2171 410 2250 6,
435 2172 476 2234 37
503 2170 668 2234 ‘Docuisse
684 2169 732 2234 Pl.
749 2169 782 2232 in
799 2169 1009 2250 grammatica
1023 2169 1223 2251 Dionysium,
1245 2170 1335 2234 cuius
1350 2171 1547 2236 meminisset
1675 2191 1676 2242 l

483 2275 519 2340 ἐν
535 2272 716 2360 Ἐρασταῖς,
741 2277 775 2340 in
798 2277 999 2358 gymnastica
1021 2276 1220 2355 Aristonem
1251 2281 1422 2356 praeterea
1444 2278 1547 2359 dithy-

482 2383 667 2448 ramborum
690 2388 724 2446 et
746 2383 987 2464 tragoediarum
1009 2388 1134 2464 poetae,
1159 2383 1297 2463 denique
1320 2384 1480 2464 pictores’.
1504 2420 1547 2432 -
1675 2389 1676 2396 ’

485 2489 593 2555 Laert.
618 2488 712 2570 Apul.

325 2616 356 2677 p.
383 2599 413 2676 7,
441 2597 481 2658 16
505 2615 574 2677 sqq.
601 2593 739 2682 [Olymp.
768 2595 802 2659 in
827 2595 925 2676 Gorg.
949 2614 980 2676 p.
1006 2591 1085 2680 392]
1117 2593 1274 2660 ‘Ethicam
1305 2601 1342 2660 ut
1369 2596 1548 2662 discereta
1675 2619 1676 2634 ¹

488 2703 630 2780 Socrate,
655 2701 702 2766 Pl.
729 2720 949 2768 concremasse
974 2702 1136 2766 carmina’.
1160 2737 1206 2748 -
1228 2702 1336 2766 Laert.
1361 2703 1455 2784 Apul.

327 2828 357 2890 p.
384 2813 414 2888 7,
441 2809 575 2890 aasqq.
602 2805 825 2896 [Olympia]
856 2809 1010 2874 ‘Socratis
1039 2808 1256 2874 defensionem
1285 2827 1348 2874 non
1377 2809 1547 2875 admissam
1675 2787 1676 2850 Ὗ

438 2979 442 2986 .
488 2915 580 2980 esse'.
605 2951 650 2962 -
672 2915 774 2980 Deest
796 2916 829 2979 in
853 2916 961 2979 Laert.
987 2919 1020 2978 et
1043 2915 1137 2996 Apul.
1675 2921 1676 2928 ’

490 3021 598 3103 ‘Lysin
622 3021 785 3104 dialogum
809 3021 973 3086 fastidisse
998 3021 1183 3088 Socratem’.
1201 3059 1245 3070 -
1261 3023 1369 3088 Laert.
1388 3024 1441 3103 34,
1457 3023 1548 3104 Apul.
1675 3071 1676 3074 ,

489 3148 553 3194 uon
576 3128 663 3192 item.

329 3254 360 3315 p.
387 3238 417 3315 7,
442 3237 485 3300 40
510 3232 648 3321 [Olymp.
678 3235 720 3300 ib.
749 3254 780 3315 p.
812 3232 891 3322 393]
923 3235 1154 3318 ‘Pythagoreos
1189 3241 1360 3318 praeterea
1389 3235 1550 3319 Cratylum

490 3347 523 3406 et
545 3342 782 3427 Hermogenem
804 3341 951 3406 docuisse
974 3343 1034 3424 Pl.,
1058 3343 1142 3408 unde
1166 3343 1208 3408 ad
1229 3344 1413 3409 sacerdotes
1428 3344 1551 3427 Aegyp·
1675 3339 1676 3350 *

491 3448 554 3512 tios
578 3448 800 3514 discessisset.
825 3487 870 3496 —
892 3450 1001 3515 Laert.
1027 3449 1120 3531 Apul.
1675 3437 1676 3452 ¹

332 3555 456 3638 Olymp’
480 3555 523 3620 ib·
549 3574 580 3636 p·
606 3555 685 3620 393⁵
722 3562 776 3618 καὶ
811 3556 847 3622 ἐν
883 3557 1010 3646 Κυρήνῃ
1044 3557 1136 3642 παρά
1168 3556 1332 3644 Θεοδώρῳ
1368 3554 1551 3642 ἐπαιδεύθη

491 3664 548 3747 τὴν
570 3665 776 3748 yaopscptav,
800 3699 846 3710 -·
868 3664 976 3728 Laert.
1002 3664 1095 3745 Apul,

333 3769 456 3852 Olymp.
482 3769 524 3834 ib.
551 3763 598 3856 [et
614 3769 645 3849 3,
664 3766 697 3855 6]
724 3769 870 3835 ‘Aetnam
892 3771 1035 3836 visurum
1059 3771 1106 3836 Pl.
1130 3773 1164 3836 in
1186 3771 1329 3837 Siciliam
1352 3771 1498 3837 venisse’.
1511 3806 1553 3818 -
1675 3821 1676 3824 ,

492 3877 600 3940 Laert.
625 3876 653 3940 A
676 3876 719 3940 ul.

266 4003 274 4016 ·
334 3983 407 4064 Ap.
426 3985 456 4063 3,
482 3984 501 4047 8
526 4001 595 4064 sqq.
624 3895 746 4048 lamera
769 3983 834 4048 tria
851 3983 967 4065 Sicula,
991 3983 1055 4049 uisi
1078 3983 1164 4066 quod
1186 3983 1288 4050 multo
1309 3983 1404 4066 plura
1427 3984 1554 4050 exhibet
1675 3995 1676 4072 j

494 4089 624 4155 Laertio
649 4095 683 4154 et
705 4091 841 4172 Apuleio
865 4096 973 4157 tamen
997 4111 1058 4158 von
1082 4091 1210 4157 diversa
1219 4087 1270 4172 ⁷⁹).
1675 4085 1676 4096 ’

407 4228 443 4298 ⁷⁹)
461 4229 655 4284 Venditionem
674 4229 743 4285 falso
762 4230 822 4286 loco
842 4231 1053 4300 Olympiodorus
1072 4232 1206 4285 narravit:
1230 4231 1278 4300 qui
1296 4248 1374 4286 error
1393 4261 1427 4271 -
1446 4231 1480 4286 ab
1499 4231 1554 4300 ipso

336 4326 367 4372 ut
387 4317 496 4372 videtur
515 4319 556 4372 Ol.
576 4319 733 4374 commissus
746 4325 842 4374 -—'nos
861 4338 914 4374 non
933 4319 1093 4374 morabitur.
1127 4320 1157 4372 ln
1176 4318 1370 4373 commentario
1389 4319 1418 4372 in
1431 4320 1555 4388 Gorgiam
