3420 5408
348 493 392 556 36

436 673 468 736 4.
492 669 637 753 Denique
668 653 857 739 Zenonem
886 671 1144 754 grammaticen,
1174 687 1309 753 quocum
1332 669 1374 736 de
1401 670 1582 736 oclasmate

349 776 597 859 Aristophanico
622 778 776 846 disseruit
799 778 960 861 Seleucus,
984 779 1122 862 primum
1145 777 1275 861 quidem
1296 777 1331 844 in
1353 777 1579 862 Etymologico

346 884 514 969 Magnos
539 891 705 973 epacta
733 885 1016 969 deprehendimus:
1118 881 1251 969 Ζήνων
1278 884 1322 950 dl
1351 881 1369 950 ὃ
1399 883 1581 962 Μύνδιος

347 989 396 1057 ὅτι
423 989 460 1058 cd
490 989 589 1079 βρύον
618 998 685 1059 τῶν
707 992 828 1060 ἐλαιῶν
850 991 990 1060 ἐκάλουν
1011 991 1114 1082 μόρον
1215 993 1420 1070 Σέλευκος·
1448 998 1578 1080 μορίαι·

346 1105 401 1185 τῆς
416 1094 566 1186 Ἀθηνᾶς
588 1098 672 1187 moal
694 1099 819 1169 llatae:
844 1106 895 1168 est
918 1101 1002 1168 enim
1025 1104 1124 1187 μορίαι
1146 1120 1208 1168 vox
1231 1101 1329 1166 etiam
1353 1101 1579 1184 apudAristo-

345 1207 485 1290 phanem
509 1206 727 1294 [nub.1005].
767 1208 859 1288 Quod
882 1208 1094 1274 addidicimus
1116 1207 1277 1275 Zenonem
1300 1207 1420 1292 Myndo
1439 1209 1579 1276 Dorien-

347 1315 429 1380 sium
453 1315 622 1382 oriundum
644 1313 757 1396 inisse,
788 1334 825 1381 eo
849 1316 960 1382 statim
988 1321 1125 1382 utemur.
1172 1315 1255 1382 Nam
1283 1335 1354 1382 cum
1383 1335 1503 1398 perse
1534 1317 1580 1382 sit

347 1427 595 1489 consentaneum
619 1423 796 1504 liberium,
824 1427 938 1505 utpote
967 1424 1022 1506 qui
1051 1429 1176 1489 ammet
1204 1423 1422 1506 grammaticis
1448 1425 1579 1506 proble-

345 1535 434 1596 mata
458 1531 624 1614 expolitis
647 1549 828 1613 proponere
852 1529 905 1615 [ci.
931 1531 1060 1598 Sueton.
1079 1531 1130 1596 56.
1157 1531 1213 1616 70]
1236 1550 1300 1597 non
1324 1532 1427 1597 solum
1443 1531 1579 1598 Seleuco

347 1639 527 1705 sedetiam
550 1638 736 1705 adversario
760 1637 886 1704 Seleuci
908 1657 1001 1705 usum
1025 1656 1111 1720 esse,
1140 1643 1209 1705 tum
1231 1635 1311 1704 mihi
1334 1639 1432 1704 etiarn
1455 1639 1580 1706 diserte

345 1747 473 1814 videtur
496 1745 660 1829 proditum
682 1764 704 1811 a
727 1745 880 1812 Suetonio
905 1765 931 1813 c.
957 1747 1013 1812 56:
1038 1743 1160 1812 Nihilo
1182 1745 1292 1811 lenter
1319 1744 1358 1810 in
1379 1744 1579 1811 emunctores

348 1852 530 1920 Graeculos
550 1852 672 1940 quc'lrcs
692 1853 746 1918 ael
757 1851 906 1918 nrancnrc
925 1851 1150 1941 acquiescebat.
1184 1855 1226 1919 X
1227 1842 1388 1919 cuonem
1409 1853 1578 1940 quendam

345 1958 551 2048 exquisitius
571 1958 845 2027 sermocinantem
868 1982 944 2026 cum
960 1958 1206 2046 amarogasset,
1231 1981 1397 2047 quaenam
1421 1960 1482 2027 clla
1505 1966 1576 2026 tam

345 2068 479 2135 molesta
506 2067 659 2134 dialectos
686 2073 780 2142 esset,
811 2073 844 2134 et
869 2067 928 2134 alle
954 2067 1175 2155 respondcsset
1199 2067 1381 2144 Dorulem,
1413 2068 1581 2155 relegauit

347 2173 524 2240 Canariam
553 2173 753 2240 existumans
778 2176 1013 2261 exprobratum
1035 2173 1103 2242 sc'bc'
1121 2181 1258 2242 ueterem
1281 2197 1455 2252 secessum,
1488 2176 1581 2264 quod

344 2281 470 2348 Dorice
492 2280 626 2348 Rhodii
644 2283 837 2369 loquantur.
882 2284 916 2350 Is
938 2285 1029 2350 Xeno
1054 2304 1125 2351 cum
1148 2286 1267 2352 Dorica
1290 2283 1428 2350 dialecto
1455 2301 1577 2349 sermo-

346 2391 479 2473 cinetur,
504 2394 613 2473 potest
628 2390 681 2456 vel
696 2391 805 2473 potius
821 2391 917 2457 debet
932 2397 1011 2457 natu
1027 2391 1126 2460 luisse
1142 2391 1317 2458 Doriensis.
1358 2391 1441 2470 Quid
1456 2393 1577 2473 porro?

345 2497 458 2564 Duone
497 2497 699 2580 grammatici
733 2499 908 2566 Dorienses
948 2499 1073 2567 Seleuci
1112 2501 1254 2581 sodales1
1294 2499 1416 2565 Romae
1455 2497 1577 2564 Tiberii

346 2605 554 2686 coamatores,
579 2605 664 2672 Zeno
688 2604 772 2672 alter
795 2607 879 2672 alter
901 2608 1015 2674 Xeno?
1060 2607 1160 2674 Immo
1185 2605 1271 2673 cedit
1293 2605 1439 2673 Suetonii
1462 2605 1573 2671 ‘Xeno'

346 2712 502 2778 Zenoni:
529 2712 576 2778 ita
599 2713 684 2778 enim
708 2713 931 2796 corrigendum
956 2718 1014 2779 est.
1041 2749 1083 2762 —-
1106 2713 1249 2781 Evicisse
1278 2713 1358 2780 mihi
1385 2713 1511 2794 uideor,
1543 2717 1577 2778 et

345 2818 504 2885 Zenonem
539 2820 782 2902 grammaticum
809 2821 975 2904 Myndium
1010 2827 1043 2888 et
1072 2821 1240 2889 Seleucum
1273 2821 1307 2888 in
1337 2821 1461 2887 aulicae
1488 2821 1576 2888 vitae

344 2926 415 2992 luce
440 2927 524 2992 circa
548 2927 711 2992 Tiberium
732 2927 850 2994 vixisse
860 2925 910 3011 ³⁶).

434 3033 464 3100 h.
490 3035 684 3101 Zenonum
711 3035 773 3102 VH
807 3036 849 3100 35
885 3035 1020 3119 ἕβδομος
1053 3033 1284 3124 γραμματικός,
1320 3031 1358 3102 οὗ
1391 3033 1473 3121 πρὸς
1506 3044 1576 3110 τοῖς

346 3139 454 3216 ἄλλοις
469 3141 524 3205 καὶ
538 3139 770 3227 ἐπιγράμματα
787 3147 919 3228 φέρεται
936 3143 1002 3209 scil.
1018 3143 1177 3227 Myndius,
1194 3145 1234 3210 dc
1247 3163 1310 3226 quo
1323 3141 1362 3210 cf.
1377 3142 1575 3209 Clementem

344 3253 446 3331 protr.
471 3249 502 3330 3,
527 3251 569 3314 45
594 3248 639 3334 [p.
660 3251 700 3314 13
726 3250 841 3335 Sylb.];
867 3250 951 3316 alter
973 3251 1113 3333 ignotus.

436 3355 516 3421 Octo
551 3357 705 3439 exemplis
739 3357 896 3423 indiculos
936 3359 1158 3441 cognominum
1192 3357 1383 3424 Laertianos
1416 3355 1576 3425 Demetrii

346 3467 487 3530 aetatem
518 3482 670 3546 superare
706 3466 869 3548 cognitum
903 3469 963 3530 est.
1015 3464 1127 3548 Apage
1159 3465 1224 3531 iem
1253 3471 1418 3534 auctorem
1445 3465 1576 3533 illorum

346 3589 441 3654 quem
463 3571 559 3654 vudgo
583 3571 692 3640 fenmt
713 3573 914 3640 Demetrirun
937 3571 1122 3656 Magnetem
1130 3568 1180 3658 ³⁶).

421 3729 459 3801 ⁸⁵)
478 3729 634 3785 circulator
642 3748 669 3802 p.
683 3733 732 3788 105
746 3731 968 3787 Scheuerleerus:
988 3732 1029 3785 ‘C.
1043 3735 1193 3785 Muellerus
1202 3734 1233 3786 F.
1243 3734 1280 3784 H.
1294 3734 1450 3798 6111500
1462 3737 1531 3786 male
1540 3735 1578 3784 ad

346 3826 416 3873 nunc
434 3825 517 3874 locum
531 3826 615 3874 tram't
626 3824 762 3876 Seleucum
779 3825 805 3873 T
800 3826 877 3875 alerii
892 3826 1028 3890 aequalem
1042 3858 1048 3875 .
1060 3860 1066 3876 .
1079 3826 1150 3890 quod
1160 3842 1188 3875 eo
1201 3831 1317 3890 tmpore
1329 3827 1445 3876 nondum
1457 3827 1485 3876 a'n
1498 3826 1574 3874 illam

346 3915 516 3980 srcspe'cr‘onem
529 3915 668 3976 meruerat,
687 3909 842 3984 ὁμωνύμων
859 3915 992 3980 catalogos
1005 3914 1132 3982 confectos
1144 3930 1199 3966 csse
1217 3930 1233 3966 a
1251 3915 1308 3967 νὶνο
1327 3912 1455 3966 Cc'ccrom's
1467 3915 1579 3979 aequali

346 4000 408 4056 eta'
438 4002 477 4058 Ut
496 4005 589 4056 cetera
607 4001 769 4070 adscribam,
788 4017 859 4058 ame
878 4018 933 4058 non
950 4017 1061 4070 possum
1079 4000 1237 4070 impetrare.
1251 4031 1286 4040 —
1299 3999 1427 4056 Ceterum
1441 3998 1575 4060 Seleucus

345 4104 397 4145 nec
409 4090 604 4148 Aristarcheus
624 4095 683 4146 erat
701 4106 790 4160 neque
802 4089 1054 4146 Antiaristarcheus
1069 4107 1176 4146 merus:
1196 4105 1266 4160 quae
1282 4089 1435 4146 studiorum
1453 4090 1525 4144 ratio
1545 4088 1575 4146 in

347 4178 452 4234 Tiberii
473 4185 591 4235 aetatem
611 4178 709 4234 eximie
728 4180 844 4248 quadrat
863 4179 958 4234 talium
976 4179 1089 4236 Homeri
1107 4179 1289 4250 interpretum
1306 4179 1509 4235 tenacissimam.

418 4265 455 4338 ³⁶)
475 4266 560 4323 Omisi
585 4283 654 4336 quae
677 4268 798 4323 nondum
821 4274 898 4326 certa
924 4269 1098 4340 viderentur,
1127 4270 1250 4342 quamvis
1272 4269 1345 4326 scitu
1371 4269 1453 4340 digna
1474 4273 1574 4324 essent.

346 4356 483 4413 Nonnulla
500 4355 653 4426 adiungam.

418 4461 442 4500 a.
463 4444 601 4500 Biouum
619 4445 659 4502 IV
677 4448 711 4503 58
730 4449 822 4509 ἔνατος
840 4447 947 4514 ποιητὴς
973 4449 1125 4521 τραγῳδίας
1144 4449 1196 4502 τῶν
1217 4447 1357 4520 Ταρσικῶν
1374 4450 1534 4520 λεγομὲνων.
