<?xml version="1.0" encoding="UTF-8"?>
<!DOCTYPE html PUBLIC "-//W3C//DTD XHTML 1.0 Transitional//EN"
    "http://www.w3.org/TR/xhtml1/DTD/xhtml1-transitional.dtd">
<html xmlns="http://www.w3.org/1999/xhtml" xml:lang="en" lang="en">
 <head>
  <title>
</title>
<meta http-equiv="Content-Type" content="text/html;charset=utf-8" />
  <meta name='ocr-system' content='tesseract 3.04.00' />
  <meta name='ocr-capabilities' content='ocr_page ocr_carea ocr_par ocr_line ocrx_word'/>
</head>
<body>
  <div class='ocr_page' id='page_1' title='image "./debiographisgra01maasgoog_0093.png"; bbox 0 0 3420 5408; ppageno 0'>
   <div class='ocr_carea' id='block_1_1' title="bbox 290 387 374 489">
    <p class='ocr_par' dir='ltr' id='par_1_1' title="bbox 290 387 374 489">
     <span class='ocr_line' id='line_1_1' title="bbox 290 387 374 489; baseline 0.012 -1"><span class='ocrx_word' id='word_1_1' title='bbox 290 387 374 489; x_wconf 72' lang='grc' dir='ltr'><strong><em>’σε</em></strong></span> 
     </span>
    </p>
   </div>
   <div class='ocr_carea' id='block_1_2' title="bbox 438 599 1372 684">
    <p class='ocr_par' dir='ltr' id='par_1_2' title="bbox 438 599 1372 684">
     <span class='ocr_line' id='line_1_2' title="bbox 438 599 1372 684; baseline 0.003 -30"><span class='ocrx_word' id='word_1_2' title='bbox 438 599 562 656; x_wconf 80' lang='lat' dir='ltr'><strong>Clemens</strong></span> <span class='ocrx_word' id='word_1_3' title='bbox 581 601 660 656; x_wconf 81' lang='lat' dir='ltr'><strong>Alex.</strong></span> <span class='ocrx_word' id='word_1_4' title='bbox 681 601 779 657; x_wconf 78' lang='lat' dir='ltr'><strong>strom.</strong></span> <span class='ocrx_word' id='word_1_5' title='bbox 792 602 812 657; x_wconf 92' lang='lat' dir='ltr'><strong><em>I.</em></strong></span> <span class='ocrx_word' id='word_1_6' title='bbox 941 602 945 684; x_wconf 65' lang='grc' dir='ltr'><strong><em>η</em></strong></span> <span class='ocrx_word' id='word_1_7' title='bbox 1153 602 1280 656; x_wconf 72' lang='lat' dir='ltr'>LaertIus</span> <span class='ocrx_word' id='word_1_8' title='bbox 1298 601 1372 657; x_wconf 87' lang='lat' dir='ltr'>VIII.</span> 
     </span>
    </p>
   </div>
   <div class='ocr_carea' id='block_1_3' title="bbox 325 708 1569 4446">
    <p class='ocr_par' dir='ltr' id='par_1_3' title="bbox 325 708 1552 1122">
     <span class='ocr_line' id='line_1_3' title="bbox 331 708 1552 802; baseline 0.002 -27"><span class='ocrx_word' id='word_1_9' title='bbox 331 733 362 794; x_wconf 90' lang='lat' dir='ltr'><strong><em>p.</em></strong></span> <span class='ocrx_word' id='word_1_10' title='bbox 379 714 440 802; x_wconf 72' lang='grc'><strong><em>129</em></strong></span> <span class='ocrx_word' id='word_1_11' title='bbox 459 712 545 795; x_wconf 88' lang='lat' dir='ltr'><strong>Sylb.</strong></span> <span class='ocrx_word' id='word_1_12' title='bbox 565 710 767 800; x_wconf 76' lang='grc' dir='ltr'><strong><em>Πυθαγόρας</em></strong></span> <span class='ocrx_word' id='word_1_13' title='bbox 782 713 844 796; x_wconf 78' lang='grc' dir='ltr'><strong><em>μὲν</em></strong></span> <span class='ocrx_word' id='word_1_14' title='bbox 859 708 919 778; x_wconf 79' lang='grc' dir='ltr'><strong><em>οὖν</em></strong></span> <span class='ocrx_word' id='word_1_15' title='bbox 972 712 991 795; x_wconf 78' lang='lat'>§</span> <span class='ocrx_word' id='word_1_16' title='bbox 1005 716 1033 778; x_wconf 93' lang='grc'><strong><em>1.</em></strong></span> <span class='ocrx_word' id='word_1_17' title='bbox 1061 717 1102 780; x_wconf 86' lang='lat'><strong><em>11.</em></strong></span> <span class='ocrx_word' id='word_1_18' title='bbox 1118 709 1318 798; x_wconf 76' lang='grc' dir='ltr'><em>Μνησάρχου</em></span> <span class='ocrx_word' id='word_1_19' title='bbox 1333 710 1552 795; x_wconf 87' lang='grc' dir='ltr'><strong><em>δακτυλιογλύ-</em></strong></span> 
     </span>
     <span class='ocr_line' id='line_1_4' title="bbox 333 816 1551 906; baseline 0.003 -24"><span class='ocrx_word' id='word_1_20' title='bbox 333 818 530 904; x_wconf 87' lang='grc' dir='ltr'><strong><em>Μνησάρχου</em></strong></span> <span class='ocrx_word' id='word_1_21' title='bbox 564 816 703 902; x_wconf 82' lang='grc' dir='ltr'><strong><em>Σάμιος,</em></strong></span> <span class='ocrx_word' id='word_1_22' title='bbox 742 817 784 894; x_wconf 87' lang='grc' dir='ltr'><strong><em>ὥς</em></strong></span> <span class='ocrx_word' id='word_1_23' title='bbox 820 835 919 906; x_wconf 89' lang='grc' dir='ltr'><strong><em>φησιν</em></strong></span> <span class='ocrx_word' id='word_1_24' title='bbox 973 842 1054 905; x_wconf 82' lang='grc' dir='ltr'><strong><em>φου,</em></strong></span> <span class='ocrx_word' id='word_1_25' title='bbox 1100 817 1142 894; x_wconf 85' lang='grc' dir='ltr'><strong><em>αἰς</em></strong></span> <span class='ocrx_word' id='word_1_26' title='bbox 1187 838 1285 904; x_wconf 90' lang='grc' dir='ltr'><strong><em>φησιν</em></strong></span> <span class='ocrx_word' id='word_1_27' title='bbox 1315 816 1551 905; x_wconf 80' lang='grc' dir='ltr'><strong><em>Ἕρμιππος,</em></strong></span> 
     </span>
     <span class='ocr_line' id='line_1_5' title="bbox 325 921 1552 1012; baseline 0.003 -23"><span class='ocrx_word' id='word_1_28' title='bbox 325 924 571 1008; x_wconf 77' lang='grc' dir='ltr'><strong><em>Ἱππόβοτος,</em></strong></span> <span class='ocrx_word' id='word_1_29' title='bbox 598 922 691 1000; x_wconf 79' lang='grc' dir='ltr'><strong><em>ὡςδὲ</em></strong></span> <span class='ocrx_word' id='word_1_30' title='bbox 708 921 919 1011; x_wconf 82' lang='grc' dir='ltr'><strong><em>Ἀριστόξε-</em></strong></span> <span class='ocrx_word' id='word_1_31' title='bbox 973 923 1105 1010; x_wconf 79' lang='grc' dir='ltr'><strong><em>Σάμιος,</em></strong></span> <span class='ocrx_word' id='word_1_32' title='bbox 1148 926 1168 1011; x_wconf 74' lang='grc' dir='ltr'><em>ἢ</em></span> <span class='ocrx_word' id='word_1_33' title='bbox 1212 923 1255 1000; x_wconf 79' lang='grc' dir='ltr'><strong><em>ὡς</em></strong></span> <span class='ocrx_word' id='word_1_34' title='bbox 1285 923 1552 1012; x_wconf 81' lang='grc' dir='ltr'><strong><em>Ἀριστόξενος</em></strong></span> 
     </span>
     <span class='ocr_line' id='line_1_6' title="bbox 332 1030 1222 1122; baseline -0.001 -23"><span class='ocrx_word' id='word_1_35' title='bbox 332 1056 396 1108; x_wconf 89' lang='grc' dir='ltr'><strong><em>νος</em></strong></span> <span class='ocrx_word' id='word_1_36' title='bbox 418 1033 454 1096; x_wconf 77' lang='grc' dir='ltr'><strong><em>ἐν</em></strong></span> <span class='ocrx_word' id='word_1_37' title='bbox 484 1040 528 1120; x_wconf 81' lang='grc' dir='ltr'><strong><em>τῷ</em></strong></span> <span class='ocrx_word' id='word_1_38' title='bbox 553 1031 754 1119; x_wconf 72' lang='grc' dir='ltr'><strong><em>Πυθαγόρου</em></strong></span> <span class='ocrx_word' id='word_1_39' title='bbox 781 1030 920 1121; x_wconf 80' lang='grc' dir='ltr'><strong><em>βίῳκαὶ</em></strong></span> <span class='ocrx_word' id='word_1_40' title='bbox 976 1032 1135 1122; x_wconf 75' lang='grc' dir='ltr'><strong><em>Τυρρηνός</em></strong></span> <span class='ocrx_word' id='word_1_41' title='bbox 1158 1032 1222 1098; x_wconf 88' lang='grc' dir='ltr'><strong><em>κτλ.</em></strong></span> 
     </span>
    </p>

    <p class='ocr_par' dir='ltr' id='par_1_4' title="bbox 326 1137 920 1226">
     <span class='ocr_line' id='line_1_7' title="bbox 326 1137 920 1226; baseline 0.007 -24"><span class='ocrx_word' id='word_1_42' title='bbox 326 1137 588 1226; x_wconf 71' lang='grc' dir='ltr'><strong><em>Ἀρίσταρχος</em></strong></span> <span class='ocrx_word' id='word_1_43' title='bbox 611 1138 667 1202; x_wconf 84' lang='grc' dir='ltr'><strong><em>καί</em></strong></span> <span class='ocrx_word' id='word_1_44' title='bbox 683 1142 920 1225; x_wconf 84' lang='grc' dir='ltr'><strong><em>Θὲυπομπος</em></strong></span> 
     </span>
    </p>

    <p class='ocr_par' dir='ltr' id='par_1_5' title="bbox 338 1243 922 1334">
     <span class='ocr_line' id='line_1_8' title="bbox 338 1243 922 1334; baseline 0.002 -25"><span class='ocrx_word' id='word_1_45' title='bbox 338 1245 496 1333; x_wconf 69' lang='grc' dir='ltr'><strong><em>Τυρρηνὸς</em></strong></span> <span class='ocrx_word' id='word_1_46' title='bbox 517 1243 573 1332; x_wconf 77' lang='grc' dir='ltr'><strong><em>ἢν,</em></strong></span> <span class='ocrx_word' id='word_1_47' title='bbox 604 1244 705 1321; x_wconf 78' lang='grc' dir='ltr'><strong><em>ὡςδὲ</em></strong></span> <span class='ocrx_word' id='word_1_48' title='bbox 729 1246 922 1334; x_wconf 75' lang='grc' dir='ltr'><em>Νεάνθης</em></span> 
     </span>
    </p>

    <p class='ocr_par' dir='ltr' id='par_1_6' title="bbox 333 1345 919 1440">
     <span class='ocr_line' id='line_1_9' title="bbox 333 1345 919 1440; baseline -0.002 -22"><span class='ocrx_word' id='word_1_49' title='bbox 333 1354 447 1440; x_wconf 82' lang='grc' dir='ltr'><strong><em>Σύριος</em></strong></span> <span class='ocrx_word' id='word_1_50' title='bbox 462 1345 485 1439; x_wconf 65' lang='grc' dir='ltr'><strong><em>λη’</em></strong></span> <span class='ocrx_word' id='word_1_51' title='bbox 503 1350 624 1440; x_wconf 80' lang='grc' dir='ltr'><strong><em>Τύριος,</em></strong></span> <span class='ocrx_word' id='word_1_52' title='bbox 640 1350 720 1418; x_wconf 81' lang='grc' dir='ltr'><strong><em>ὥστε</em></strong></span> <span class='ocrx_word' id='word_1_53' title='bbox 735 1357 819 1418; x_wconf 77' lang='grc' dir='ltr'><strong><em>εἶναι</em></strong></span> <span class='ocrx_word' id='word_1_54' title='bbox 835 1352 919 1418; x_wconf 83' lang='grc' dir='ltr'><strong><em>κατά</em></strong></span> 
     </span>
    </p>

    <p class='ocr_par' dir='ltr' id='par_1_7' title="bbox 335 1457 919 1548">
     <span class='ocr_line' id='line_1_10' title="bbox 335 1457 919 1548; baseline 0.002 -24"><span class='ocrx_word' id='word_1_55' title='bbox 335 1457 409 1534; x_wconf 82' lang='grc' dir='ltr'><strong><em>τούς</em></strong></span> <span class='ocrx_word' id='word_1_56' title='bbox 454 1460 622 1536; x_wconf 76' lang='grc' dir='ltr'><strong><em>πλείστους</em></strong></span> <span class='ocrx_word' id='word_1_57' title='bbox 670 1460 837 1548; x_wconf 78' lang='grc' dir='ltr'><strong><em>βάρβαρον</em></strong></span> <span class='ocrx_word' id='word_1_58' title='bbox 882 1459 919 1526; x_wconf 89' lang='grc' dir='ltr'><strong><em>τό</em></strong></span> 
     </span>
    </p>

    <p class='ocr_par' dir='ltr' id='par_1_8' title="bbox 333 1571 439 1650">
     <span class='ocr_line' id='line_1_11' title="bbox 333 1571 439 1650; baseline 0.019 -19"><span class='ocrx_word' id='word_1_59' title='bbox 333 1571 439 1650; x_wconf 82' lang='grc' dir='ltr'><strong><em>γένος·</em></strong></span> 
     </span>
    </p>

    <p class='ocr_par' dir='ltr' id='par_1_9' title="bbox 334 1669 1561 2727">
     <span class='ocr_line' id='line_1_12' title="bbox 334 1669 1556 1763; baseline 0 -24"><span class='ocrx_word' id='word_1_60' title='bbox 334 1675 376 1740; x_wconf 90' lang='lat' dir='ltr'><strong><em>ib.</em></strong></span> <span class='ocrx_word' id='word_1_61' title='bbox 413 1669 480 1761; x_wconf 80' lang='grc' dir='ltr'><strong><em>όψὲ</em></strong></span> <span class='ocrx_word' id='word_1_62' title='bbox 518 1672 555 1736; x_wconf 81' lang='grc' dir='ltr'><strong><em>δὲ</em></strong></span> <span class='ocrx_word' id='word_1_63' title='bbox 592 1679 632 1737; x_wconf 93' lang='grc' dir='ltr'><strong><em>Π.</em></strong></span> <span class='ocrx_word' id='word_1_64' title='bbox 668 1670 685 1738; x_wconf 91' lang='grc' dir='ltr'><strong><em>ό</em></strong></span> <span class='ocrx_word' id='word_1_65' title='bbox 724 1673 922 1761; x_wconf 78' lang='grc' dir='ltr'><strong><em>Φερεκύδους</em></strong></span> <span class='ocrx_word' id='word_1_66' title='bbox 975 1676 1039 1759; x_wconf 63' lang='lat'><strong><em>52.</em></strong></span> <span class='ocrx_word' id='word_1_67' title='bbox 1064 1670 1156 1751; x_wconf 82' lang='grc' dir='ltr'><strong><em>οὗτος</em></strong></span> <span class='ocrx_word' id='word_1_68' title='bbox 1179 1677 1291 1762; x_wconf 85' lang='grc' dir='ltr'><strong><em>ἢκουσε</em></strong></span> <span class='ocrx_word' id='word_1_69' title='bbox 1318 1678 1380 1760; x_wconf 78' lang='grc' dir='ltr'><strong><em>μὲν</em></strong></span> <span class='ocrx_word' id='word_1_70' title='bbox 1407 1728 1437 1744; x_wconf 87' lang='grc'><strong><em>..</em></strong></span> <span class='ocrx_word' id='word_1_71' title='bbox 1464 1679 1556 1763; x_wconf 81' lang='grc' dir='ltr'><strong><em>Φερε-</em></strong></span> 
     </span>
     <span class='ocr_line' id='line_1_13' title="bbox 334 1779 1557 1870; baseline 0.001 -23"><span class='ocrx_word' id='word_1_72' title='bbox 334 1783 490 1870; x_wconf 83' lang='grc' dir='ltr'><strong><em>γνιόριμυς</em></strong></span> <span class='ocrx_word' id='word_1_73' title='bbox 507 1780 693 1866; x_wconf 86' lang='grc' dir='ltr'><strong><em>φιλόσοφον</em></strong></span> <span class='ocrx_word' id='word_1_74' title='bbox 708 1779 823 1848; x_wconf 81' lang='grc' dir='ltr'><strong><em>ἑαυτόν</em></strong></span> <span class='ocrx_word' id='word_1_75' title='bbox 839 1783 921 1869; x_wconf 85' lang='grc' dir='ltr'><strong><em>πριό-</em></strong></span> <span class='ocrx_word' id='word_1_76' title='bbox 975 1781 1090 1858; x_wconf 90' lang='grc' dir='ltr'><strong><em>κύδους</em></strong></span> <span class='ocrx_word' id='word_1_77' title='bbox 1105 1789 1161 1846; x_wconf 82' lang='grc' dir='ltr'><strong><em>τοῦ</em></strong></span> <span class='ocrx_word' id='word_1_78' title='bbox 1174 1787 1291 1870; x_wconf 79' lang='grc' dir='ltr'><strong><em>Συρίου</em></strong></span> <span class='ocrx_word' id='word_1_79' title='bbox 1307 1784 1361 1868; x_wconf 88' lang='lat' dir='ltr'><strong><em>[de</em></strong></span> <span class='ocrx_word' id='word_1_80' title='bbox 1377 1784 1557 1868; x_wconf 85' lang='lat' dir='ltr'><strong>philosophi</strong></span> 
     </span>
     <span class='ocr_line' id='line_1_14' title="bbox 334 1887 1556 1976; baseline 0.002 -22"><span class='ocrx_word' id='word_1_81' title='bbox 334 1913 388 1965; x_wconf 86' lang='grc' dir='ltr'><strong><em>τος</em></strong></span> <span class='ocrx_word' id='word_1_82' title='bbox 411 1887 636 1976; x_wconf 78' lang='grc' dir='ltr'><strong><em>ἀνηγόρευσεν·</em></strong></span> <span class='ocrx_word' id='word_1_83' title='bbox 976 1892 1103 1956; x_wconf 86' lang='lat' dir='ltr'><strong>nomine</strong></span> <span class='ocrx_word' id='word_1_84' title='bbox 1115 1891 1556 1976; x_wconf 81' lang='lat' dir='ltr'><strong>cf.VII16exS0sicrate].</strong></span> 
     </span>
     <span class='ocr_line' id='line_1_15' title="bbox 335 1994 1559 2088; baseline 0.002 -26"><span class='ocrx_word' id='word_1_85' title='bbox 335 2020 365 2082; x_wconf 93' lang='lat' dir='ltr'><strong><em>p.</em></strong></span> <span class='ocrx_word' id='word_1_86' title='bbox 386 2000 449 2063; x_wconf 87' lang='lat'><strong><em>130</em></strong></span> <span class='ocrx_word' id='word_1_87' title='bbox 474 1998 504 2065; x_wconf 88' lang='lat' dir='ltr'><strong><em>S.</em></strong></span> <span class='ocrx_word' id='word_1_88' title='bbox 526 2005 563 2060; x_wconf 90' lang='grc' dir='ltr'><strong><em>Π</em></strong></span> <span class='ocrx_word' id='word_1_89' title='bbox 591 1994 627 2058; x_wconf 82' lang='grc' dir='ltr'><strong><em>δὲ</em></strong></span> <span class='ocrx_word' id='word_1_90' title='bbox 650 1997 732 2059; x_wconf 83' lang='grc' dir='ltr'><strong><em>κατά</em></strong></span> <span class='ocrx_word' id='word_1_91' title='bbox 760 1996 921 2083; x_wconf 90' lang='grc' dir='ltr'><strong><em>Πυλυκρά·</em></strong></span> <span class='ocrx_word' id='word_1_92' title='bbox 976 1999 1048 2082; x_wconf 81' lang='lat'><strong><em>§3.</em></strong></span> <span class='ocrx_word' id='word_1_93' title='bbox 1084 1999 1206 2078; x_wconf 77' lang='grc' dir='ltr'><strong><em>ἐγένετο</em></strong></span> <span class='ocrx_word' id='word_1_94' title='bbox 1240 1997 1299 2066; x_wconf 83' lang='grc' dir='ltr'><strong><em>οὖν</em></strong></span> <span class='ocrx_word' id='word_1_95' title='bbox 1332 2001 1368 2066; x_wconf 75' lang='grc' dir='ltr'><strong><em>ἓν</em></strong></span> <span class='ocrx_word' id='word_1_96' title='bbox 1407 1997 1559 2088; x_wconf 75' lang='grc' dir='ltr'><strong><em>Αἰγύπτῳ</em></strong></span> 
     </span>
     <span class='ocr_line' id='line_1_16' title="bbox 335 2101 1560 2194; baseline 0.002 -24"><span class='ocrx_word' id='word_1_97' title='bbox 335 2130 392 2193; x_wconf 93' lang='grc' dir='ltr'><strong><em>την</em></strong></span> <span class='ocrx_word' id='word_1_98' title='bbox 419 2106 475 2170; x_wconf 88' lang='grc' dir='ltr'><strong><em>τόν</em></strong></span> <span class='ocrx_word' id='word_1_99' title='bbox 505 2101 665 2191; x_wconf 89' lang='grc' dir='ltr'><strong><em>τύραννον</em></strong></span> <span class='ocrx_word' id='word_1_100' title='bbox 693 2104 751 2168; x_wconf 91' lang='grc' dir='ltr'><strong><em>τόν</em></strong></span> <span class='ocrx_word' id='word_1_101' title='bbox 772 2104 843 2190; x_wconf 76' lang='grc' dir='ltr'><strong><em>περὶ</em></strong></span> <span class='ocrx_word' id='word_1_102' title='bbox 865 2105 923 2190; x_wconf 76' lang='grc' dir='ltr'><strong><em>τήν</em></strong></span> <span class='ocrx_word' id='word_1_103' title='bbox 977 2104 1114 2194; x_wconf 75' lang='grc' dir='ltr'><strong><em>ὁπηνίκα</em></strong></span> <span class='ocrx_word' id='word_1_104' title='bbox 1142 2108 1197 2171; x_wconf 79' lang='grc' dir='ltr'><strong><em>καὶ</em></strong></span> <span class='ocrx_word' id='word_1_105' title='bbox 1228 2106 1433 2194; x_wconf 78' lang='grc' dir='ltr'><strong><em>Πολυκράτης</em></strong></span> <span class='ocrx_word' id='word_1_106' title='bbox 1462 2102 1560 2172; x_wconf 81' lang='grc' dir='ltr'><strong><em>αότόν</em></strong></span> 
     </span>
     <span class='ocr_line' id='line_1_17' title="bbox 336 2210 1560 2301; baseline 0.002 -25"><span class='ocrx_word' id='word_1_107' title='bbox 336 2212 506 2300; x_wconf 75' lang='grc' dir='ltr'><strong><em>ἑξηκοστὴν</em></strong></span> <span class='ocrx_word' id='word_1_108' title='bbox 540 2213 690 2298; x_wconf 82' lang='grc' dir='ltr'><strong><em>δευτέραν</em></strong></span> <span class='ocrx_word' id='word_1_109' title='bbox 727 2210 923 2296; x_wconf 89' lang='grc' dir='ltr'><strong><em>Ολυμπιάδα</em></strong></span> <span class='ocrx_word' id='word_1_110' title='bbox 971 2211 1126 2300; x_wconf 81' lang='grc' dir='ltr'><strong><em>Ἀμάσιδι</em></strong></span> <span class='ocrx_word' id='word_1_111' title='bbox 1138 2217 1308 2300; x_wconf 84' lang='grc' dir='ltr'><strong><em>συνέστησε</em></strong></span> <span class='ocrx_word' id='word_1_112' title='bbox 1324 2214 1366 2278; x_wconf 85' lang='grc' dir='ltr'><strong><em>δι’</em></strong></span> <span class='ocrx_word' id='word_1_113' title='bbox 1383 2213 1560 2301; x_wconf 75' lang='grc' dir='ltr'><strong><em>ἐπιπολῆς·</em></strong></span> 
     </span>
     <span class='ocr_line' id='line_1_18' title="bbox 338 2317 1560 2408; baseline 0.002 -24"><span class='ocrx_word' id='word_1_114' title='bbox 338 2319 534 2406; x_wconf 80' lang='grc' dir='ltr'><strong><em>εύρίσκεται·</em></strong></span> <span class='ocrx_word' id='word_1_115' title='bbox 977 2318 1035 2385; x_wconf 85' lang='grc' dir='ltr'><strong><em>καὶ</em></strong></span> <span class='ocrx_word' id='word_1_116' title='bbox 1059 2322 1204 2407; x_wconf 76' lang='grc' dir='ltr'><strong><em>ἐξέμαθε</em></strong></span> <span class='ocrx_word' id='word_1_117' title='bbox 1227 2317 1286 2408; x_wconf 68' lang='grc' dir='ltr'><strong><em>τόν</em></strong></span> <span class='ocrx_word' id='word_1_118' title='bbox 1309 2322 1424 2408; x_wconf 71' lang='grc' dir='ltr'><strong><em>φωνην</em></strong></span> <span class='ocrx_word' id='word_1_119' title='bbox 1447 2317 1560 2402; x_wconf 75' lang='grc' dir='ltr'><strong><em>αὐτῶν,</em></strong></span> 
     </span>
     <span class='ocr_line' id='line_1_19' title="bbox 339 2424 1561 2514; baseline -0.002 -21"><span class='ocrx_word' id='word_1_120' title='bbox 339 2428 501 2512; x_wconf 79' lang='lat' dir='ltr'>[convenit</span> <span class='ocrx_word' id='word_1_121' title='bbox 523 2428 560 2492; x_wconf 90' lang='lat' dir='ltr'><strong><em>P.</em></strong></span> <span class='ocrx_word' id='word_1_122' title='bbox 591 2427 774 2491; x_wconf 79' lang='lat' dir='ltr'>sacerdotes</span> <span class='ocrx_word' id='word_1_123' title='bbox 797 2427 924 2509; x_wconf 82' lang='lat' dir='ltr'><strong>Aegyp·</strong></span> <span class='ocrx_word' id='word_1_124' title='bbox 978 2426 1071 2494; x_wconf 79' lang='grc' dir='ltr'><strong><em>καθὰ</em></strong></span> <span class='ocrx_word' id='word_1_125' title='bbox 1099 2435 1153 2492; x_wconf 82' lang='grc' dir='ltr'><strong><em>καί</em></strong></span> <span class='ocrx_word' id='word_1_126' title='bbox 1187 2443 1287 2514; x_wconf 82' lang='grc' dir='ltr'><strong><em>φησιν</em></strong></span> <span class='ocrx_word' id='word_1_127' title='bbox 1307 2424 1496 2514; x_wconf 73' lang='grc' dir='ltr'><strong><em>Ἀντιφῶν</em></strong></span> <span class='ocrx_word' id='word_1_128' title='bbox 1522 2426 1561 2491; x_wconf 81' lang='grc' dir='ltr'><strong><em>ἐν</em></strong></span> 
     </span>
     <span class='ocr_line' id='line_1_20' title="bbox 339 2530 1560 2626; baseline -0.001 -26"><span class='ocrx_word' id='word_1_129' title='bbox 339 2536 417 2619; x_wconf 80' lang='lat' dir='ltr'>tios]</span> <span class='ocrx_word' id='word_1_130' title='bbox 451 2542 507 2599; x_wconf 89' lang='grc' dir='ltr'><strong><em>ίνα</em></strong></span> <span class='ocrx_word' id='word_1_131' title='bbox 532 2536 570 2620; x_wconf 75' lang='grc' dir='ltr'><strong><em>δὴ</em></strong></span> <span class='ocrx_word' id='word_1_132' title='bbox 605 2540 660 2597; x_wconf 79' lang='grc' dir='ltr'><strong><em>καὶ</em></strong></span> <span class='ocrx_word' id='word_1_133' title='bbox 683 2535 730 2608; x_wconf 83' lang='grc' dir='ltr'><strong><em>είς</em></strong></span> <span class='ocrx_word' id='word_1_134' title='bbox 757 2531 796 2596; x_wconf 86' lang='grc' dir='ltr'><strong><em>τὰ</em></strong></span> <span class='ocrx_word' id='word_1_135' title='bbox 819 2530 925 2598; x_wconf 80' lang='grc' dir='ltr'><strong><em>ἄδυτα</em></strong></span> <span class='ocrx_word' id='word_1_136' title='bbox 979 2539 1032 2626; x_wconf 74' lang='grc' dir='ltr'><strong><em>τῷ</em></strong></span> <span class='ocrx_word' id='word_1_137' title='bbox 1054 2536 1141 2624; x_wconf 82' lang='grc' dir='ltr'><strong><em>περὶ</em></strong></span> <span class='ocrx_word' id='word_1_138' title='bbox 1165 2535 1240 2602; x_wconf 77' lang='grc' dir='ltr'><strong><em>τῶν</em></strong></span> <span class='ocrx_word' id='word_1_139' title='bbox 1263 2535 1304 2601; x_wconf 75' lang='grc' dir='ltr'><strong><em>ἐν</em></strong></span> <span class='ocrx_word' id='word_1_140' title='bbox 1327 2531 1443 2625; x_wconf 81' lang='grc' dir='ltr'><strong><em>άρετῇ</em></strong></span> <span class='ocrx_word' id='word_1_141' title='bbox 1465 2559 1560 2622; x_wconf 87' lang='grc' dir='ltr'><strong><em>πρω-</em></strong></span> 
     </span>
     <span class='ocr_line' id='line_1_21' title="bbox 340 2638 1219 2727; baseline 0.003 -21"><span class='ocrx_word' id='word_1_142' title='bbox 340 2640 513 2706; x_wconf 85' lang='grc' dir='ltr'><strong><em>κατελθιόν</em></strong></span> <span class='ocrx_word' id='word_1_143' title='bbox 555 2643 613 2727; x_wconf 82' lang='grc' dir='ltr'><strong><em>τη“ν</em></strong></span> <span class='ocrx_word' id='word_1_144' title='bbox 650 2638 805 2726; x_wconf 73' lang='grc' dir='ltr'><strong><em>μυστικὴν</em></strong></span> <span class='ocrx_word' id='word_1_145' title='bbox 847 2641 923 2727; x_wconf 84' lang='grc' dir='ltr'><strong><em>παρ’</em></strong></span> <span class='ocrx_word' id='word_1_146' title='bbox 981 2643 1219 2711; x_wconf 85' lang='grc' dir='ltr'><strong><em>τευσάντων·</em></strong></span> 
     </span>
    </p>

    <p class='ocr_par' dir='ltr' id='par_1_10' title="bbox 342 2748 925 2834">
     <span class='ocr_line' id='line_1_22' title="bbox 342 2748 925 2834; baseline -0.005 -20"><span class='ocrx_word' id='word_1_147' title='bbox 342 2753 532 2830; x_wconf 77' lang='grc' dir='ltr'><strong><em>Αἰγυπτίων</em></strong></span> <span class='ocrx_word' id='word_1_148' title='bbox 555 2748 697 2832; x_wconf 75' lang='grc' dir='ltr'><strong><em>ἐκμάθοι</em></strong></span> <span class='ocrx_word' id='word_1_149' title='bbox 714 2748 925 2834; x_wconf 88' lang='grc' dir='ltr'><strong><em>φιλοσοφίαν·</em></strong></span> 
     </span>
    </p>

    <p class='ocr_par' dir='ltr' id='par_1_11' title="bbox 342 2853 928 2942">
     <span class='ocr_line' id='line_1_23' title="bbox 342 2853 928 2942; baseline 0.002 -22"><span class='ocrx_word' id='word_1_150' title='bbox 342 2879 374 2940; x_wconf 92' lang='lat' dir='ltr'><strong><em>p.</em></strong></span> <span class='ocrx_word' id='word_1_151' title='bbox 393 2859 453 2921; x_wconf 90' lang='grc'><strong><em>131</em></strong></span> <span class='ocrx_word' id='word_1_152' title='bbox 481 2858 511 2922; x_wconf 85' lang='lat' dir='ltr'><strong><em>S.</em></strong></span> <span class='ocrx_word' id='word_1_153' title='bbox 542 2855 712 2942; x_wconf 74' lang='grc' dir='ltr'><strong><em>ἱστορεῖται</em></strong></span> <span class='ocrx_word' id='word_1_154' title='bbox 735 2853 773 2919; x_wconf 78' lang='grc' dir='ltr'><strong><em>δὲ</em></strong></span> <span class='ocrx_word' id='word_1_155' title='bbox 803 2858 843 2919; x_wconf 90' lang='grc' dir='ltr'><strong><em>Π.</em></strong></span> <span class='ocrx_word' id='word_1_156' title='bbox 867 2856 928 2938; x_wconf 79' lang='grc' dir='ltr'><strong><em>μὲν</em></strong></span> 
     </span>
    </p>

    <p class='ocr_par' dir='ltr' id='par_1_12' title="bbox 343 2958 927 3051">
     <span class='ocr_line' id='line_1_24' title="bbox 343 2958 927 3051; baseline 0 -25"><span class='ocrx_word' id='word_1_157' title='bbox 343 2965 482 3046; x_wconf 80' lang='grc' dir='ltr'><strong><em>Σωγχίδι</em></strong></span> <span class='ocrx_word' id='word_1_158' title='bbox 505 2962 551 3051; x_wconf 75' lang='grc' dir='ltr'><strong><em>τῷ</em></strong></span> <span class='ocrx_word' id='word_1_159' title='bbox 585 2967 756 3050; x_wconf 76' lang='grc' dir='ltr'><strong><em>Αἰγυπτίῳ</em></strong></span> <span class='ocrx_word' id='word_1_160' title='bbox 779 2958 927 3050; x_wconf 85' lang='grc' dir='ltr'><strong><em>άρχιπρο-</em></strong></span> 
     </span>
    </p>

    <p class='ocr_par' dir='ltr' id='par_1_13' title="bbox 344 3070 670 3162">
     <span class='ocr_line' id='line_1_25' title="bbox 344 3070 670 3162; baseline -0.009 -27"><span class='ocrx_word' id='word_1_161' title='bbox 344 3071 426 3162; x_wconf 81' lang='grc' dir='ltr'><strong><em>φήτη</em></strong></span> <span class='ocrx_word' id='word_1_162' title='bbox 449 3070 670 3157; x_wconf 82' lang='grc' dir='ltr'><strong><em>μαθητεύσαι·</em></strong></span> 
     </span>
    </p>

    <p class='ocr_par' dir='ltr' id='par_1_14' title="bbox 344 3172 930 3265">
     <span class='ocr_line' id='line_1_26' title="bbox 344 3172 930 3265; baseline -0.005 -22"><span class='ocrx_word' id='word_1_163' title='bbox 344 3180 387 3244; x_wconf 89' lang='lat' dir='ltr'><strong><em>ib.</em></strong></span> <span class='ocrx_word' id='word_1_164' title='bbox 417 3175 629 3265; x_wconf 79' lang='grc' dir='ltr'><strong><em>Ζωροάστρην</em></strong></span> <span class='ocrx_word' id='word_1_165' title='bbox 662 3176 698 3242; x_wconf 78' lang='grc' dir='ltr'><strong><em>δὲ</em></strong></span> <span class='ocrx_word' id='word_1_166' title='bbox 732 3172 789 3240; x_wconf 83' lang='grc' dir='ltr'><strong><em>τόν</em></strong></span> <span class='ocrx_word' id='word_1_167' title='bbox 823 3175 930 3260; x_wconf 82' lang='grc' dir='ltr'><strong><em>μάγον</em></strong></span> 
     </span>
    </p>

    <p class='ocr_par' dir='ltr' id='par_1_15' title="bbox 344 3282 1563 3478">
     <span class='ocr_line' id='line_1_27' title="bbox 344 3282 1563 3372; baseline -0.002 -23"><span class='ocrx_word' id='word_1_168' title='bbox 344 3284 402 3350; x_wconf 90' lang='grc' dir='ltr'><strong><em>τόν</em></strong></span> <span class='ocrx_word' id='word_1_169' title='bbox 425 3289 551 3370; x_wconf 82' lang='grc' dir='ltr'><strong><em>Πέρσην</em></strong></span> <span class='ocrx_word' id='word_1_170' title='bbox 579 3283 596 3348; x_wconf 88' lang='grc' dir='ltr'><strong><em>ό</em></strong></span> <span class='ocrx_word' id='word_1_171' title='bbox 622 3289 662 3348; x_wconf 91' lang='grc' dir='ltr'><strong><em>Π.</em></strong></span> <span class='ocrx_word' id='word_1_172' title='bbox 688 3282 857 3370; x_wconf 68' lang='grc' dir='ltr'><strong><em>ἐζήλωσεν</em></strong></span> <span class='ocrx_word' id='word_1_173' title='bbox 885 3287 931 3365; x_wconf 81' lang='grc' dir='ltr'><strong><em>βί·</em></strong></span> <span class='ocrx_word' id='word_1_174' title='bbox 983 3286 1039 3351; x_wconf 82' lang='grc' dir='ltr'><strong><em>καί</em></strong></span> <span class='ocrx_word' id='word_1_175' title='bbox 1064 3289 1153 3372; x_wconf 82' lang='grc' dir='ltr'><strong><em>παρὰ</em></strong></span> <span class='ocrx_word' id='word_1_176' title='bbox 1171 3287 1351 3360; x_wconf 85' lang='grc' dir='ltr'><strong><em>Χαλδαίοις</em></strong></span> <span class='ocrx_word' id='word_1_177' title='bbox 1373 3284 1563 3366; x_wconf 75' lang='grc' dir='ltr'><strong><em>ἐγένετοκαὶ</em></strong></span> 
     </span>
     <span class='ocr_line' id='line_1_28' title="bbox 345 3386 931 3478; baseline 0 -22"><span class='ocrx_word' id='word_1_178' title='bbox 345 3393 442 3476; x_wconf 82' lang='grc' dir='ltr'><strong><em>βλυυς</em></strong></span> <span class='ocrx_word' id='word_1_179' title='bbox 476 3387 639 3476; x_wconf 85' lang='grc' dir='ltr'><strong><em>άκρύφυυς</em></strong></span> <span class='ocrx_word' id='word_1_180' title='bbox 677 3386 796 3478; x_wconf 82' lang='grc' dir='ltr'><strong><em>άνδρός</em></strong></span> <span class='ocrx_word' id='word_1_181' title='bbox 834 3392 931 3457; x_wconf 78' lang='grc' dir='ltr'><strong><em>τοῦδε</em></strong></span> 
     </span>
    </p>

    <p class='ocr_par' dir='ltr' id='par_1_16' title="bbox 348 3496 935 3586">
     <span class='ocr_line' id='line_1_29' title="bbox 348 3496 935 3586; baseline 0.002 -23"><span class='ocrx_word' id='word_1_182' title='bbox 348 3497 379 3563; x_wconf 77' lang='grc' dir='ltr'><strong><em>οἳ</em></strong></span> <span class='ocrx_word' id='word_1_183' title='bbox 392 3496 447 3585; x_wconf 76' lang='grc' dir='ltr'><strong><em>τη’ν</em></strong></span> <span class='ocrx_word' id='word_1_184' title='bbox 461 3498 622 3583; x_wconf 86' lang='grc' dir='ltr'><strong><em>Προδίκου</em></strong></span> <span class='ocrx_word' id='word_1_185' title='bbox 634 3499 796 3582; x_wconf 84' lang='grc' dir='ltr'><strong><em>μετιόντες</em></strong></span> <span class='ocrx_word' id='word_1_186' title='bbox 807 3507 935 3586; x_wconf 80' lang='grc' dir='ltr'><strong><em>αἳρεσιν·</em></strong></span> 
     </span>
    </p>

    <p class='ocr_par' dir='ltr' id='par_1_17' title="bbox 347 3603 933 3692">
     <span class='ocr_line' id='line_1_30' title="bbox 347 3603 933 3692; baseline 0.002 -22"><span class='ocrx_word' id='word_1_187' title='bbox 347 3603 481 3688; x_wconf 82' lang='grc' dir='ltr'><strong><em>αύχυύσι</em></strong></span> <span class='ocrx_word' id='word_1_188' title='bbox 522 3611 706 3692; x_wconf 79' lang='grc' dir='ltr'><strong><em>κεκτῆσθαι.</em></strong></span> <span class='ocrx_word' id='word_1_189' title='bbox 767 3607 933 3692; x_wconf 80' lang='lat' dir='ltr'>[Sequitur</span> 
     </span>
    </p>

    <p class='ocr_par' dir='ltr' id='par_1_18' title="bbox 348 3713 933 3796">
     <span class='ocr_line' id='line_1_31' title="bbox 348 3713 933 3796; baseline -0.002 -16"><span class='ocrx_word' id='word_1_190' title='bbox 348 3713 566 3780; x_wconf 79' lang='lat' dir='ltr'>Alexander</span> <span class='ocrx_word' id='word_1_191' title='bbox 611 3713 842 3796; x_wconf 83' lang='lat' dir='ltr'><strong>Polyhistor</strong></span> <span class='ocrx_word' id='word_1_192' title='bbox 893 3715 933 3779; x_wconf 83' lang='lat' dir='ltr'><strong><em>de</em></strong></span> 
     </span>
    </p>

    <p class='ocr_par' dir='ltr' id='par_1_19' title="bbox 349 3820 768 3905">
     <span class='ocr_line' id='line_1_32' title="bbox 349 3820 768 3905; baseline -0.002 -18"><span class='ocrx_word' id='word_1_193' title='bbox 349 3821 500 3905; x_wconf 85' lang='lat' dir='ltr'>symbolis</span> <span class='ocrx_word' id='word_1_194' title='bbox 522 3820 768 3905; x_wconf 64' lang='lat' dir='ltr'>Pythagoricis}</span> 
     </span>
    </p>

    <p class='ocr_par' dir='ltr' id='par_1_20' title="bbox 350 3927 934 4016">
     <span class='ocr_line' id='line_1_33' title="bbox 350 3927 934 4016; baseline 0.002 -23"><span class='ocrx_word' id='word_1_195' title='bbox 350 3931 452 4012; x_wconf 75' lang='lat' dir='ltr'><strong>p.213</strong></span> <span class='ocrx_word' id='word_1_196' title='bbox 466 3928 595 4006; x_wconf 85' lang='grc' dir='ltr'><strong><em>λέγεται</em></strong></span> <span class='ocrx_word' id='word_1_197' title='bbox 607 3928 643 3992; x_wconf 81' lang='grc' dir='ltr'><strong><em>δὲ</em></strong></span> <span class='ocrx_word' id='word_1_198' title='bbox 655 3927 754 4003; x_wconf 78' lang='grc' dir='ltr'><strong><em>ἔθνος</em></strong></span> <span class='ocrx_word' id='word_1_199' title='bbox 765 3928 934 4016; x_wconf 77' lang='grc' dir='ltr'><strong><em>βάρβαρον</em></strong></span> 
     </span>
    </p>

    <p class='ocr_par' dir='ltr' id='par_1_21' title="bbox 351 4034 935 4121">
     <span class='ocr_line' id='line_1_34' title="bbox 351 4034 935 4121; baseline -0.003 -21"><span class='ocrx_word' id='word_1_200' title='bbox 351 4034 408 4102; x_wconf 80' lang='grc' dir='ltr'><strong><em>οὐκ</em></strong></span> <span class='ocrx_word' id='word_1_201' title='bbox 453 4037 609 4114; x_wconf 81' lang='grc' dir='ltr'><strong><em>ἄγευστον</em></strong></span> <span class='ocrx_word' id='word_1_202' title='bbox 646 4038 701 4121; x_wconf 82' lang='grc' dir='ltr'><strong><em>τῆς</em></strong></span> <span class='ocrx_word' id='word_1_203' title='bbox 734 4035 935 4121; x_wconf 78' lang='grc' dir='ltr'><strong><em>φιλοσοφίας</em></strong></span> 
     </span>
    </p>

    <p class='ocr_par' dir='ltr' id='par_1_22' title="bbox 351 4139 1569 4446">
     <span class='ocr_line' id='line_1_35' title="bbox 351 4139 1569 4230; baseline -0.002 -22"><span class='ocrx_word' id='word_1_204' title='bbox 351 4141 528 4230; x_wconf 75' lang='grc' dir='ltr'><strong><em>πρεσβύτην</em></strong></span> <span class='ocrx_word' id='word_1_205' title='bbox 556 4140 669 4229; x_wconf 78' lang='grc' dir='ltr'><strong><em>αίρυόν</em></strong></span> <span class='ocrx_word' id='word_1_206' title='bbox 697 4144 777 4228; x_wconf 85' lang='grc' dir='ltr'><strong><em>πρὸς</em></strong></span> <span class='ocrx_word' id='word_1_207' title='bbox 806 4141 935 4228; x_wconf 87' lang='grc' dir='ltr'><strong><em>Ζάμολ-</em></strong></span> <span class='ocrx_word' id='word_1_208' title='bbox 988 4145 1052 4227; x_wconf 67' lang='lat'><strong><em>§2</em></strong></span> <span class='ocrx_word' id='word_1_209' title='bbox 1078 4143 1131 4205; x_wconf 79' lang='grc' dir='ltr'><strong><em>καὶ</em></strong></span> <span class='ocrx_word' id='word_1_210' title='bbox 1147 4142 1268 4208; x_wconf 82' lang='grc' dir='ltr'><strong><em>δοῦλον</em></strong></span> <span class='ocrx_word' id='word_1_211' title='bbox 1283 4139 1449 4224; x_wconf 84' lang='grc' dir='ltr'><strong><em>Ζάμολξιν</em></strong></span> <span class='ocrx_word' id='word_1_212' title='bbox 1465 4141 1569 4226; x_wconf 82' lang='grc' dir='ltr'><strong><em>[ἔσχε],</em></strong></span> 
     </span>
     <span class='ocr_line' id='line_1_36' title="bbox 352 4245 1569 4336; baseline -0.002 -21"><span class='ocrx_word' id='word_1_213' title='bbox 352 4256 402 4328; x_wconf 78' lang='grc' dir='ltr'><strong><em>ξεν</em></strong></span> <span class='ocrx_word' id='word_1_214' title='bbox 413 4249 501 4336; x_wconf 80' lang='grc' dir='ltr'><strong><em>ἥρωα</em></strong></span> <span class='ocrx_word' id='word_1_215' title='bbox 513 4252 582 4314; x_wconf 86' lang='grc' dir='ltr'><strong><em>κατ’</em></strong></span> <span class='ocrx_word' id='word_1_216' title='bbox 594 4249 676 4325; x_wconf 82' lang='grc' dir='ltr'><strong><em>ἔτος·</em></strong></span> <span class='ocrx_word' id='word_1_217' title='bbox 693 4247 761 4313; x_wconf 62' lang='lat' dir='ltr'><strong><em>Ida*</em></strong></span> <span class='ocrx_word' id='word_1_218' title='bbox 773 4248 936 4334; x_wconf 84' lang='grc' dir='ltr'><strong><em>Ζάμολξις</em></strong></span> <span class='ocrx_word' id='word_1_219' title='bbox 990 4246 1130 4334; x_wconf 80' lang='grc' dir='ltr'><strong><em>ᾧΓὲται</em></strong></span> <span class='ocrx_word' id='word_1_220' title='bbox 1159 4248 1298 4314; x_wconf 90' lang='grc' dir='ltr'><strong><em>θύουσιν</em></strong></span> <span class='ocrx_word' id='word_1_221' title='bbox 1335 4245 1458 4333; x_wconf 85' lang='grc' dir='ltr'><strong><em>Κρόνον</em></strong></span> <span class='ocrx_word' id='word_1_222' title='bbox 1486 4255 1569 4332; x_wconf 86' lang='grc' dir='ltr'><strong><em>νομί-</em></strong></span> 
     </span>
     <span class='ocr_line' id='line_1_37' title="bbox 353 4353 1488 4446; baseline -0.001 -24"><span class='ocrx_word' id='word_1_223' title='bbox 353 4355 393 4446; x_wconf 81' lang='grc' dir='ltr'><strong><em>ἦν</em></strong></span> <span class='ocrx_word' id='word_1_224' title='bbox 415 4359 473 4422; x_wconf 83' lang='grc' dir='ltr'><strong><em>τού</em></strong></span> <span class='ocrx_word' id='word_1_225' title='bbox 499 4358 698 4444; x_wconf 87' lang='grc' dir='ltr'><strong><em>Πυθαγόρου</em></strong></span> <span class='ocrx_word' id='word_1_226' title='bbox 720 4363 901 4444; x_wconf 86' lang='grc' dir='ltr'><strong><em>γνωρίμων·</em></strong></span> <span class='ocrx_word' id='word_1_227' title='bbox 991 4358 1104 4438; x_wconf 74' lang='grc' dir='ltr'><strong><em>ζυντες,</em></strong></span> <span class='ocrx_word' id='word_1_228' title='bbox 1128 4353 1168 4430; x_wconf 81' lang='grc' dir='ltr'><strong><em>ὥς</em></strong></span> <span class='ocrx_word' id='word_1_229' title='bbox 1193 4375 1289 4440; x_wconf 89' lang='grc' dir='ltr'><strong><em>φησιν</em></strong></span> <span class='ocrx_word' id='word_1_230' title='bbox 1308 4353 1488 4440; x_wconf 87' lang='grc' dir='ltr'><strong><em>Ἡρόδοτος.</em></strong></span> 
     </span>
    </p>
   </div>
   <div class='ocr_carea' id='block_1_4' title="bbox 0 0 1746 5408">
    <p class='ocr_par' dir='ltr' id='par_1_23' title="bbox 0 0 1746 5408">
     <span class='ocr_line' id='line_1_38' title="bbox 0 0 1746 5408; baseline 0 0"><span class='ocrx_word' id='word_1_231' title='bbox 0 0 1746 5408; x_wconf 95' lang='lat' dir='ltr'><strong><em> </em></strong></span> 
     </span>
    </p>
   </div>
  </div>
 </body>
</html>
