<?xml version="1.0" encoding="UTF-8"?>
<!DOCTYPE html PUBLIC "-//W3C//DTD XHTML 1.0 Transitional//EN"
    "http://www.w3.org/TR/xhtml1/DTD/xhtml1-transitional.dtd">
<html xmlns="http://www.w3.org/1999/xhtml" xml:lang="en" lang="en">
 <head>
  <title>
</title>
<meta http-equiv="Content-Type" content="text/html;charset=utf-8" />
  <meta name='ocr-system' content='tesseract 3.04.00' />
  <meta name='ocr-capabilities' content='ocr_page ocr_carea ocr_par ocr_line ocrx_word'/>
</head>
<body>
  <div class='ocr_page' id='page_1' title='image "./debiographisgra01maasgoog_0019.png"; bbox 0 0 3420 5408; ppageno 0'>
   <div class='ocr_carea' id='block_1_1' title="bbox 329 465 371 526">
    <p class='ocr_par' dir='ltr' id='par_1_1' title="bbox 329 465 371 526">
     <span class='ocr_line' id='line_1_1' title="bbox 329 465 371 526; baseline 0 0"><span class='ocrx_word' id='word_1_1' title='bbox 329 465 371 526; x_wconf 86' lang='lat'><em>14</em></span> 
     </span>
    </p>
   </div>
   <div class='ocr_carea' id='block_1_2' title="bbox 284 635 1561 3742">
    <p class='ocr_par' dir='ltr' id='par_1_2' title="bbox 284 635 1561 1586">
     <span class='ocr_line' id='line_1_2' title="bbox 334 635 1561 724; baseline 0.001 -20"><span class='ocrx_word' id='word_1_2' title='bbox 334 641 420 724; x_wconf 66' lang='lat'><em>162}</em></span> <span class='ocrx_word' id='word_1_3' title='bbox 467 641 519 706; x_wconf 89' lang='lat' dir='ltr'><em>lta</em></span> <span class='ocrx_word' id='word_1_4' title='bbox 548 640 632 704; x_wconf 88' lang='lat' dir='ltr'><em>onim</em></span> <span class='ocrx_word' id='word_1_5' title='bbox 663 639 832 705; x_wconf 88' lang='lat' dir='ltr'><em>scribendo</em></span> <span class='ocrx_word' id='word_1_6' title='bbox 861 644 936 704; x_wconf 91' lang='lat' dir='ltr'><em>sunt</em></span> <span class='ocrx_word' id='word_1_7' title='bbox 965 639 1065 705; x_wconf 85' lang='lat' dir='ltr'><em>verba</em></span> <span class='ocrx_word' id='word_1_8' title='bbox 1094 645 1127 704; x_wconf 91' lang='lat' dir='ltr'><em>et</em></span> <span class='ocrx_word' id='word_1_9' title='bbox 1154 641 1323 706; x_wconf 85' lang='lat' dir='ltr'><em>vertendo:</em></span> <span class='ocrx_word' id='word_1_10' title='bbox 1348 635 1472 708; x_wconf 75' lang='grc' dir='ltr'><strong><em>ἑνοῦν</em></strong></span> <span class='ocrx_word' id='word_1_11' title='bbox 1493 653 1561 714; x_wconf 76' lang='grc' dir='ltr'><strong><em>τοῖς</em></strong></span> 
     </span>
     <span class='ocr_line' id='line_1_3' title="bbox 326 743 1556 832; baseline 0.002 -22"><span class='ocrx_word' id='word_1_12' title='bbox 326 748 465 827; x_wconf 80' lang='grc' dir='ltr'><strong><em>λογικοῖς</em></strong></span> <span class='ocrx_word' id='word_1_13' title='bbox 488 747 593 812; x_wconf 77' lang='grc' dir='ltr'><strong><em>ταῦτα’</em></strong></span> <span class='ocrx_word' id='word_1_14' title='bbox 615 769 650 811; x_wconf 85' lang='grc' dir='ltr'><em>τε</em></span> <span class='ocrx_word' id='word_1_15' title='bbox 672 743 785 822; x_wconf 75' lang='grc' dir='ltr'><strong><em>αὐτοῖς</em></strong></span> <span class='ocrx_word' id='word_1_16' title='bbox 808 747 898 811; x_wconf 81' lang='grc' dir='ltr'><strong><em>δοκεῖ</em></strong></span> <span class='ocrx_word' id='word_1_17' title='bbox 918 746 1157 832; x_wconf 74' lang='grc' dir='ltr'><strong><em>κεφαλαιωδῶς</em></strong></span> <span class='ocrx_word' id='word_1_18' title='bbox 1179 753 1234 812; x_wconf 76' lang='grc' dir='ltr'><em>καὶ</em></span> <span class='ocrx_word' id='word_1_19' title='bbox 1259 783 1300 796; x_wconf 89' lang='lat'><em>--</em></span> <span class='ocrx_word' id='word_1_20' title='bbox 1323 756 1379 812; x_wconf 77' lang='lat' dir='ltr'><em>tva</em></span> <span class='ocrx_word' id='word_1_21' title='bbox 1402 755 1457 812; x_wconf 78' lang='lat' dir='ltr'><em>cal</em></span> <span class='ocrx_word' id='word_1_22' title='bbox 1472 754 1556 812; x_wconf 77' lang='grc' dir='ltr'><strong><em>κατα·</em></strong></span> 
     </span>
     <span class='ocr_line' id='line_1_4' title="bbox 325 852 1558 942; baseline 0 -22"><span class='ocrx_word' id='word_1_23' title='bbox 325 861 420 942; x_wconf 82' lang='grc' dir='ltr'><strong><em>μέρος</em></strong></span> <span class='ocrx_word' id='word_1_24' title='bbox 443 859 585 942; x_wconf 83' lang='grc' dir='ltr'><strong><em>εἴπωμεν</em></strong></span> <span class='ocrx_word' id='word_1_25' title='bbox 609 893 643 904; x_wconf 90' lang='lat'><em>-</em></span> <span class='ocrx_word' id='word_1_26' title='bbox 662 852 828 940; x_wconf 74' lang='lat' dir='ltr'><em>calcide,</em></span> <span class='ocrx_word' id='word_1_27' title='bbox 852 853 935 942; x_wconf 77' lang='grc' dir='ltr'><strong><em>οἷπερ</em></strong></span> <span class='ocrx_word' id='word_1_28' title='bbox 958 855 1066 921; x_wconf 73' lang='grc' dir='ltr'><strong><em>αὐτῶν</em></strong></span> <span class='ocrx_word' id='word_1_29' title='bbox 1089 858 1133 932; x_wconf 78' lang='grc' dir='ltr'><em>εἰς</em></span> <span class='ocrx_word' id='word_1_30' title='bbox 1155 853 1212 940; x_wconf 71' lang='grc' dir='ltr'><em>τὴν</em></span> <span class='ocrx_word' id='word_1_31' title='bbox 1234 855 1447 942; x_wconf 69' lang='grc' dir='ltr'><em>εἰσαγωγικὴν</em></span> <span class='ocrx_word' id='word_1_32' title='bbox 1465 861 1558 924; x_wconf 72' lang='grc' dir='ltr'><strong><em>τείνει</em></strong></span> 
     </span>
     <span class='ocr_line' id='line_1_5' title="bbox 325 962 1559 1052; baseline 0 -23"><span class='ocrx_word' id='word_1_33' title='bbox 325 967 439 1050; x_wconf 77' lang='grc' dir='ltr'><strong><em>τέχνην</em></strong></span> <span class='ocrx_word' id='word_1_34' title='bbox 478 971 533 1029; x_wconf 77' lang='grc' dir='ltr'><em>καὶ</em></span> <span class='ocrx_word' id='word_1_35' title='bbox 563 962 647 1028; x_wconf 72' lang='lat' dir='ltr'><em>acici</em></span> <span class='ocrx_word' id='word_1_36' title='bbox 681 964 735 1028; x_wconf 74' lang='grc' dir='ltr'><em>ἐπὶ</em></span> <span class='ocrx_word' id='word_1_37' title='bbox 774 965 887 1042; x_wconf 75' lang='grc' dir='ltr'><strong><em>λέξεως</em></strong></span> <span class='ocrx_word' id='word_1_38' title='bbox 926 969 1038 1050; x_wconf 70' lang='grc' dir='ltr'><strong><em>τίθησι</em></strong></span> <span class='ocrx_word' id='word_1_39' title='bbox 1074 967 1212 1050; x_wconf 77' lang='grc' dir='ltr'><strong><em>Διοκλῆς</em></strong></span> <span class='ocrx_word' id='word_1_40' title='bbox 1239 964 1258 1030; x_wconf 86' lang='grc' dir='ltr'><strong>ὁ</strong></span> <span class='ocrx_word' id='word_1_41' title='bbox 1286 964 1423 1052; x_wconf 78' lang='grc' dir='ltr'><strong><em>Μάγνης</em></strong></span> <span class='ocrx_word' id='word_1_42' title='bbox 1456 965 1559 1045; x_wconf 81' lang='grc' dir='ltr'><strong><em>λέγων</em></strong></span> 
     </span>
     <span class='ocr_line' id='line_1_6' title="bbox 327 1069 1558 1159; baseline 0.002 -23"><span class='ocrx_word' id='word_1_43' title='bbox 327 1069 459 1158; x_wconf 56' lang='lat' dir='ltr'><em>ottae)</em></span> <span class='ocrx_word' id='word_1_44' title='bbox 481 1075 546 1138; x_wconf 83' lang='grc' dir='ltr'><strong><em>κτλ.</em></strong></span> <span class='ocrx_word' id='word_1_45' title='bbox 582 1075 626 1138; x_wconf 89' lang='lat' dir='ltr'><em>In</em></span> <span class='ocrx_word' id='word_1_46' title='bbox 648 1071 767 1158; x_wconf 75' lang='lat' dir='ltr'><em>logicis</em></span> <span class='ocrx_word' id='word_1_47' title='bbox 781 1071 895 1158; x_wconf 78' lang='lat' dir='ltr'><em>c&#39;gctm</em></span> <span class='ocrx_word' id='word_1_48' title='bbox 909 1078 941 1137; x_wconf 93' lang='lat' dir='ltr'><em>et</em></span> <span class='ocrx_word' id='word_1_49' title='bbox 953 1074 1031 1137; x_wconf 86' lang='lat' dir='ltr'><em>laec</em></span> <span class='ocrx_word' id='word_1_50' title='bbox 1044 1074 1180 1159; x_wconf 80' lang='lat' dir='ltr'><em>placent</em></span> <span class='ocrx_word' id='word_1_51' title='bbox 1191 1079 1224 1138; x_wconf 94' lang='lat' dir='ltr'><em>et</em></span> <span class='ocrx_word' id='word_1_52' title='bbox 1241 1111 1281 1122; x_wconf 86' lang='lat'><em>-</em></span> <span class='ocrx_word' id='word_1_53' title='bbox 1299 1080 1340 1138; x_wconf 92' lang='lat' dir='ltr'><em>ut</em></span> <span class='ocrx_word' id='word_1_54' title='bbox 1351 1072 1558 1158; x_wconf 72' lang='lat' dir='ltr'><em>singillatim</em></span> 
     </span>
     <span class='ocr_line' id='line_1_7' title="bbox 326 1179 1557 1267; baseline 0.001 -22"><span class='ocrx_word' id='word_1_55' title='bbox 326 1202 455 1266; x_wconf 87' lang='lat' dir='ltr'><em>quoque</em></span> <span class='ocrx_word' id='word_1_56' title='bbox 471 1188 717 1267; x_wconf 79' lang='lat' dir='ltr'><em>persequamur</em></span> <span class='ocrx_word' id='word_1_57' title='bbox 739 1217 782 1228; x_wconf 89' lang='lat'><em>—-</em></span> <span class='ocrx_word' id='word_1_58' title='bbox 805 1179 904 1244; x_wconf 81' lang='lat' dir='ltr'><em>etlam</em></span> <span class='ocrx_word' id='word_1_59' title='bbox 928 1181 1015 1253; x_wconf 83' lang='lat' dir='ltr'><em>leaeo,</em></span> <span class='ocrx_word' id='word_1_60' title='bbox 1041 1201 1126 1265; x_wconf 87' lang='lat' dir='ltr'><em>quae</em></span> <span class='ocrx_word' id='word_1_61' title='bbox 1147 1181 1195 1244; x_wconf 88' lang='lat' dir='ltr'><em>aa&#39;</em></span> <span class='ocrx_word' id='word_1_62' title='bbox 1212 1179 1437 1246; x_wconf 75' lang='lat' dir='ltr'><em>institutionis</em></span> <span class='ocrx_word' id='word_1_63' title='bbox 1451 1187 1557 1246; x_wconf 84' lang='lat' dir='ltr'><em>artem</em></span> 
     </span>
     <span class='ocr_line' id='line_1_8' title="bbox 326 1286 1559 1374; baseline 0.002 -23"><span class='ocrx_word' id='word_1_64' title='bbox 326 1287 504 1352; x_wconf 79' lang='lat' dir='ltr'><em>stoicorum</em></span> <span class='ocrx_word' id='word_1_65' title='bbox 514 1287 689 1374; x_wconf 74' lang='lat' dir='ltr'><em>pertimeat</em></span> <span class='ocrx_word' id='word_1_66' title='bbox 700 1309 847 1374; x_wconf 87' lang='lat' dir='ltr'><em>quaeque</em></span> <span class='ocrx_word' id='word_1_67' title='bbox 857 1286 993 1352; x_wconf 83' lang='lat' dir='ltr'><em>Diocles</em></span> <span class='ocrx_word' id='word_1_68' title='bbox 1003 1286 1043 1352; x_wconf 91' lang='lat' dir='ltr'><em>in</em></span> <span class='ocrx_word' id='word_1_69' title='bbox 1053 1287 1329 1374; x_wconf 79' lang='lat' dir='ltr'><em>philosophorum</em></span> <span class='ocrx_word' id='word_1_70' title='bbox 1340 1288 1559 1374; x_wconf 83' lang='lat' dir='ltr'><em>percursione</em></span> 
     </span>
     <span class='ocr_line' id='line_1_9' title="bbox 284 1393 1557 1481; baseline 0.002 -23"><span class='ocrx_word' id='word_1_71' title='bbox 284 1443 286 1448; x_wconf 87' lang='lat'><em>.</em></span> <span class='ocrx_word' id='word_1_72' title='bbox 326 1396 373 1458; x_wconf 82' lang='lat' dir='ltr'><em>cd</em></span> <span class='ocrx_word' id='word_1_73' title='bbox 403 1397 537 1459; x_wconf 84' lang='lat' dir='ltr'><em>verbum</em></span> <span class='ocrx_word' id='word_1_74' title='bbox 570 1395 617 1459; x_wconf 83' lang='lat' dir='ltr'><em>sic</em></span> <span class='ocrx_word' id='word_1_75' title='bbox 645 1393 746 1481; x_wconf 82' lang='lat' dir='ltr'><em>ponit</em></span> <span class='ocrx_word' id='word_1_76' title='bbox 776 1401 831 1459; x_wconf 88' lang='lat' dir='ltr'><em>etc.</em></span> <span class='ocrx_word' id='word_1_77' title='bbox 886 1396 1035 1460; x_wconf 87' lang='lat' dir='ltr'><em>Proxima</em></span> <span class='ocrx_word' id='word_1_78' title='bbox 1070 1397 1170 1477; x_wconf 82' lang='lat' dir='ltr'><em>igitur</em></span> <span class='ocrx_word' id='word_1_79' title='bbox 1204 1396 1323 1477; x_wconf 84' lang='lat' dir='ltr'><em>Diocli,</em></span> <span class='ocrx_word' id='word_1_80' title='bbox 1357 1398 1467 1478; x_wconf 88' lang='lat' dir='ltr'><em>priora</em></span> <span class='ocrx_word' id='word_1_81' title='bbox 1502 1396 1557 1461; x_wconf 88' lang='lat' dir='ltr'><em>alii</em></span> 
     </span>
     <span class='ocr_line' id='line_1_10' title="bbox 327 1504 1185 1586; baseline 0.001 -18"><span class='ocrx_word' id='word_1_82' title='bbox 327 1505 436 1569; x_wconf 88' lang='lat' dir='ltr'><em>nescio</em></span> <span class='ocrx_word' id='word_1_83' title='bbox 460 1505 510 1568; x_wconf 88' lang='lat' dir='ltr'><em>oui</em></span> <span class='ocrx_word' id='word_1_84' title='bbox 534 1504 705 1569; x_wconf 83' lang='lat' dir='ltr'><em>debentur:</em></span> <span class='ocrx_word' id='word_1_85' title='bbox 731 1504 836 1586; x_wconf 88' lang='lat' dir='ltr'><em>quode</em></span> <span class='ocrx_word' id='word_1_86' title='bbox 858 1504 994 1586; x_wconf 88' lang='lat' dir='ltr'><em>posthac</em></span> <span class='ocrx_word' id='word_1_87' title='bbox 1018 1504 1185 1569; x_wconf 85' lang='lat' dir='ltr'><em>disseram.</em></span> 
     </span>
    </p>

    <p class='ocr_par' dir='ltr' id='par_1_3' title="bbox 326 1612 1559 3742">
     <span class='ocr_line' id='line_1_11' title="bbox 417 1612 1558 1694; baseline -0.001 -17"><span class='ocrx_word' id='word_1_88' title='bbox 417 1612 518 1677; x_wconf 91' lang='lat' dir='ltr'><em>Porro</em></span> <span class='ocrx_word' id='word_1_89' title='bbox 548 1612 758 1677; x_wconf 86' lang='lat' dir='ltr'><em>Nietcscheus</em></span> <span class='ocrx_word' id='word_1_90' title='bbox 791 1613 975 1678; x_wconf 87' lang='lat' dir='ltr'><em>universam</em></span> <span class='ocrx_word' id='word_1_91' title='bbox 1006 1612 1237 1694; x_wconf 79' lang='lat' dir='ltr'><em>Epicureorum</em></span> <span class='ocrx_word' id='word_1_92' title='bbox 1272 1612 1451 1677; x_wconf 81' lang='lat' dir='ltr'><em>doctrinam</em></span> <span class='ocrx_word' id='word_1_93' title='bbox 1486 1630 1558 1677; x_wconf 89' lang='lat' dir='ltr'><em>esse</em></span> 
     </span>
     <span class='ocr_line' id='line_1_12' title="bbox 328 1720 1556 1802; baseline -0.001 -17"><span class='ocrx_word' id='word_1_94' title='bbox 328 1720 493 1786; x_wconf 82' lang='lat' dir='ltr'><em>Diocleum</em></span> <span class='ocrx_word' id='word_1_95' title='bbox 510 1721 683 1785; x_wconf 85' lang='lat' dir='ltr'><em>contendit.</em></span> <span class='ocrx_word' id='word_1_96' title='bbox 702 1757 743 1768; x_wconf 84' lang='lat'>-</span> <span class='ocrx_word' id='word_1_97' title='bbox 761 1721 881 1786; x_wconf 87' lang='lat' dir='ltr'><em>Verum</em></span> <span class='ocrx_word' id='word_1_98' title='bbox 897 1725 947 1785; x_wconf 87' lang='lat' dir='ltr'><em>est</em></span> <span class='ocrx_word' id='word_1_99' title='bbox 963 1721 1107 1786; x_wconf 90' lang='lat' dir='ltr'><em>Dioclem</em></span> <span class='ocrx_word' id='word_1_100' title='bbox 1123 1720 1254 1802; x_wconf 81' lang='lat' dir='ltr'><em>Epicuri</em></span> <span class='ocrx_word' id='word_1_101' title='bbox 1274 1720 1423 1785; x_wconf 85' lang='lat' dir='ltr'><em>laudasse</em></span> <span class='ocrx_word' id='word_1_102' title='bbox 1439 1737 1556 1786; x_wconf 89' lang='lat' dir='ltr'><em>mores.</em></span> 
     </span>
     <span class='ocr_line' id='line_1_13' title="bbox 326 1827 1558 1910; baseline -0.002 -15"><span class='ocrx_word' id='word_1_103' title='bbox 326 1828 405 1895; x_wconf 90' lang='lat' dir='ltr'><em>Inde</em></span> <span class='ocrx_word' id='word_1_104' title='bbox 438 1829 465 1893; x_wconf 90' lang='lat' dir='ltr'><em>si</em></span> <span class='ocrx_word' id='word_1_105' title='bbox 495 1829 573 1910; x_wconf 89' lang='lat' dir='ltr'><em>quid</em></span> <span class='ocrx_word' id='word_1_106' title='bbox 599 1829 630 1893; x_wconf 90' lang='lat' dir='ltr'><em>in</em></span> <span class='ocrx_word' id='word_1_107' title='bbox 656 1829 729 1893; x_wconf 91' lang='lat' dir='ltr'><em>illos</em></span> <span class='ocrx_word' id='word_1_108' title='bbox 753 1829 886 1893; x_wconf 90' lang='lat' dir='ltr'><em>nimium</em></span> <span class='ocrx_word' id='word_1_109' title='bbox 910 1829 1051 1893; x_wconf 89' lang='lat' dir='ltr'><em>studium</em></span> <span class='ocrx_word' id='word_1_110' title='bbox 1074 1847 1154 1910; x_wconf 89' lang='lat' dir='ltr'><em>prae</em></span> <span class='ocrx_word' id='word_1_111' title='bbox 1177 1847 1213 1894; x_wconf 89' lang='lat' dir='ltr'><em>se</em></span> <span class='ocrx_word' id='word_1_112' title='bbox 1236 1827 1300 1894; x_wconf 89' lang='lat' dir='ltr'><em>fert</em></span> <span class='ocrx_word' id='word_1_113' title='bbox 1323 1828 1409 1909; x_wconf 90' lang='lat' dir='ltr'><em>apud</em></span> <span class='ocrx_word' id='word_1_114' title='bbox 1432 1829 1558 1893; x_wconf 88' lang='lat' dir='ltr'><em>Laerti-</em></span> 
     </span>
     <span class='ocr_line' id='line_1_14' title="bbox 326 1933 1559 2017; baseline -0.001 -16"><span class='ocrx_word' id='word_1_115' title='bbox 326 1957 396 2016; x_wconf 81' lang='lat' dir='ltr'><em>um,</em></span> <span class='ocrx_word' id='word_1_116' title='bbox 428 1936 560 2001; x_wconf 87' lang='lat' dir='ltr'><em>subesse</em></span> <span class='ocrx_word' id='word_1_117' title='bbox 582 1937 727 2001; x_wconf 88' lang='lat' dir='ltr'><em>Dioclem</em></span> <span class='ocrx_word' id='word_1_118' title='bbox 754 1935 884 2001; x_wconf 87' lang='lat' dir='ltr'><em>fortiter</em></span> <span class='ocrx_word' id='word_1_119' title='bbox 911 1933 1071 2000; x_wconf 86' lang='lat' dir='ltr'><em>adfirmat.</em></span> <span class='ocrx_word' id='word_1_120' title='bbox 1119 1936 1184 2000; x_wconf 87' lang='lat' dir='ltr'><em>Res</em></span> <span class='ocrx_word' id='word_1_121' title='bbox 1207 1954 1266 2016; x_wconf 90' lang='lat' dir='ltr'><em>per</em></span> <span class='ocrx_word' id='word_1_122' title='bbox 1289 1954 1323 2001; x_wconf 88' lang='lat' dir='ltr'><em>se</em></span> <span class='ocrx_word' id='word_1_123' title='bbox 1352 1936 1481 2017; x_wconf 89' lang='lat' dir='ltr'><em>quidem</em></span> <span class='ocrx_word' id='word_1_124' title='bbox 1510 1936 1559 2000; x_wconf 89' lang='lat' dir='ltr'><em>ite</em></span> 
     </span>
     <span class='ocr_line' id='line_1_15' title="bbox 328 2042 1558 2128; baseline -0.001 -19"><span class='ocrx_word' id='word_1_125' title='bbox 328 2063 364 2109; x_wconf 89' lang='lat' dir='ltr'><em>se</em></span> <span class='ocrx_word' id='word_1_126' title='bbox 388 2049 497 2126; x_wconf 90' lang='lat' dir='ltr'><em>potest</em></span> <span class='ocrx_word' id='word_1_127' title='bbox 520 2043 648 2124; x_wconf 83' lang='lat' dir='ltr'><em>habere,</em></span> <span class='ocrx_word' id='word_1_128' title='bbox 674 2063 731 2109; x_wconf 91' lang='lat' dir='ltr'><em>cur</em></span> <span class='ocrx_word' id='word_1_129' title='bbox 754 2043 880 2123; x_wconf 79' lang='lat' dir='ltr'><em>debeat,</em></span> <span class='ocrx_word' id='word_1_130' title='bbox 906 2043 1076 2108; x_wconf 88' lang='lat' dir='ltr'><em>obscurum</em></span> <span class='ocrx_word' id='word_1_131' title='bbox 1100 2042 1153 2126; x_wconf 88' lang='lat' dir='ltr'><em>[cf.</em></span> <span class='ocrx_word' id='word_1_132' title='bbox 1178 2063 1209 2124; x_wconf 93' lang='lat' dir='ltr'><em>p.</em></span> <span class='ocrx_word' id='word_1_133' title='bbox 1227 2043 1294 2128; x_wconf 78' lang='grc'>20].</span> <span class='ocrx_word' id='word_1_134' title='bbox 1342 2045 1360 2126; x_wconf 85' lang='lat'>§</span> <span class='ocrx_word' id='word_1_135' title='bbox 1385 2046 1404 2108; x_wconf 90' lang='lat'>9</span> <span class='ocrx_word' id='word_1_136' title='bbox 1428 2045 1558 2126; x_wconf 90' lang='lat' dir='ltr'><em>quidem</em></span> 
     </span>
     <span class='ocr_line' id='line_1_16' title="bbox 328 2148 1556 2234; baseline 0 -18"><span class='ocrx_word' id='word_1_137' title='bbox 328 2151 396 2216; x_wconf 90' lang='lat' dir='ltr'><em>eius</em></span> <span class='ocrx_word' id='word_1_138' title='bbox 421 2153 614 2216; x_wconf 88' lang='lat' dir='ltr'><em>sententiam</em></span> <span class='ocrx_word' id='word_1_139' title='bbox 637 2156 763 2216; x_wconf 89' lang='lat' dir='ltr'><em>tantum</em></span> <span class='ocrx_word' id='word_1_140' title='bbox 791 2151 885 2216; x_wconf 88' lang='lat' dir='ltr'><em>abest</em></span> <span class='ocrx_word' id='word_1_141' title='bbox 914 2155 951 2215; x_wconf 92' lang='lat' dir='ltr'><em>ut</em></span> <span class='ocrx_word' id='word_1_142' title='bbox 980 2148 1159 2231; x_wconf 88' lang='lat' dir='ltr'><em>confirmet,</em></span> <span class='ocrx_word' id='word_1_143' title='bbox 1188 2155 1225 2217; x_wconf 89' lang='lat' dir='ltr'><em>ut</em></span> <span class='ocrx_word' id='word_1_144' title='bbox 1254 2152 1363 2233; x_wconf 89' lang='lat' dir='ltr'><em>potins</em></span> <span class='ocrx_word' id='word_1_145' title='bbox 1392 2150 1556 2234; x_wconf 82' lang='lat' dir='ltr'><em>infringat.</em></span> 
     </span>
     <span class='ocr_line' id='line_1_17' title="bbox 328 2257 1558 2339; baseline 0.002 -17"><span class='ocrx_word' id='word_1_146' title='bbox 328 2259 412 2337; x_wconf 82' lang='lat' dir='ltr'><em>Quid</em></span> <span class='ocrx_word' id='word_1_147' title='bbox 446 2260 551 2324; x_wconf 80' lang='lat' dir='ltr'><em>enim?</em></span> <span class='ocrx_word' id='word_1_148' title='bbox 586 2258 715 2324; x_wconf 87' lang='lat' dir='ltr'><em>scholae</em></span> <span class='ocrx_word' id='word_1_149' title='bbox 746 2257 980 2323; x_wconf 87' lang='lat' dir='ltr'><em>successionem</em></span> <span class='ocrx_word' id='word_1_150' title='bbox 1015 2257 1057 2322; x_wconf 89' lang='lat' dir='ltr'><em>ad</em></span> <span class='ocrx_word' id='word_1_151' title='bbox 1091 2275 1150 2322; x_wconf 90' lang='lat' dir='ltr'><em>sua</em></span> <span class='ocrx_word' id='word_1_152' title='bbox 1183 2263 1330 2339; x_wconf 88' lang='lat' dir='ltr'><em>tempora</em></span> <span class='ocrx_word' id='word_1_153' title='bbox 1364 2260 1558 2339; x_wconf 83' lang='lat' dir='ltr'><em>perdurasse</em></span> 
     </span>
     <span class='ocr_line' id='line_1_18' title="bbox 328 2363 1557 2451; baseline 0.002 -22"><span class='ocrx_word' id='word_1_154' title='bbox 328 2366 540 2431; x_wconf 89' lang='lat' dir='ltr'><em>iactabundus</em></span> <span class='ocrx_word' id='word_1_155' title='bbox 575 2365 733 2448; x_wconf 85' lang='lat' dir='ltr'><em>gloriatur</em></span> <span class='ocrx_word' id='word_1_156' title='bbox 767 2365 926 2430; x_wconf 86' lang='lat' dir='ltr'><em>Laertius.</em></span> <span class='ocrx_word' id='word_1_157' title='bbox 981 2365 1031 2428; x_wconf 82' lang='lat' dir='ltr'><em>At</em></span> <span class='ocrx_word' id='word_1_158' title='bbox 1057 2370 1136 2451; x_wconf 90' lang='lat' dir='ltr'><em>post</em></span> <span class='ocrx_word' id='word_1_159' title='bbox 1161 2363 1316 2450; x_wconf 89' lang='lat' dir='ltr'><em>primum</em></span> <span class='ocrx_word' id='word_1_160' title='bbox 1351 2389 1382 2430; x_wconf 88' lang='lat' dir='ltr'><em>a.</em></span> <span class='ocrx_word' id='word_1_161' title='bbox 1413 2367 1490 2431; x_wconf 84' lang='lat' dir='ltr'><em>Cler.</em></span> <span class='ocrx_word' id='word_1_162' title='bbox 1521 2390 1557 2431; x_wconf 93' lang='lat' dir='ltr'><em>n.</em></span> 
     </span>
     <span class='ocr_line' id='line_1_19' title="bbox 328 2471 1559 2558; baseline -0.002 -20"><span class='ocrx_word' id='word_1_163' title='bbox 328 2475 497 2538; x_wconf 83' lang='lat' dir='ltr'><em>saeculum</em></span> <span class='ocrx_word' id='word_1_164' title='bbox 521 2472 767 2558; x_wconf 73' lang='lat' dir='ltr'><em>Epicureorum</em></span> <span class='ocrx_word' id='word_1_165' title='bbox 791 2494 848 2536; x_wconf 86' lang='lat' dir='ltr'><em>uec</em></span> <span class='ocrx_word' id='word_1_166' title='bbox 869 2473 943 2537; x_wconf 85' lang='lat' dir='ltr'><em>oola</em></span> <span class='ocrx_word' id='word_1_167' title='bbox 966 2493 1024 2536; x_wconf 86' lang='lat' dir='ltr'><em>nec</em></span> <span class='ocrx_word' id='word_1_168' title='bbox 1045 2471 1235 2557; x_wconf 58' lang='lat' dir='ltr'><em>vosagium.</em></span> <span class='ocrx_word' id='word_1_169' title='bbox 1282 2471 1422 2557; x_wconf 85' lang='lat' dir='ltr'><em>Stupide</em></span> <span class='ocrx_word' id='word_1_170' title='bbox 1445 2471 1559 2557; x_wconf 65' lang='lat' dir='ltr'><em>cgrc&#39;tur</em></span> 
     </span>
     <span class='ocr_line' id='line_1_20' title="bbox 327 2578 1558 2662; baseline -0.001 -17"><span class='ocrx_word' id='word_1_171' title='bbox 327 2580 475 2645; x_wconf 85' lang='lat' dir='ltr'><em>auctoris</em></span> <span class='ocrx_word' id='word_1_172' title='bbox 496 2581 592 2644; x_wconf 85' lang='lat' dir='ltr'><em>cerba</em></span> <span class='ocrx_word' id='word_1_173' title='bbox 615 2581 765 2644; x_wconf 86' lang='lat' dir='ltr'><em>decantat</em></span> <span class='ocrx_word' id='word_1_174' title='bbox 779 2578 948 2644; x_wconf 73' lang='lat' dir='ltr'><em>laertius.</em></span> <span class='ocrx_word' id='word_1_175' title='bbox 988 2581 1066 2646; x_wconf 89' lang='lat' dir='ltr'><em>Esto</em></span> <span class='ocrx_word' id='word_1_176' title='bbox 1091 2581 1251 2660; x_wconf 86' lang='lat' dir='ltr'><em>decantet,</em></span> <span class='ocrx_word' id='word_1_177' title='bbox 1274 2599 1467 2662; x_wconf 90' lang='lat' dir='ltr'><em>quamquam</em></span> <span class='ocrx_word' id='word_1_178' title='bbox 1483 2579 1558 2646; x_wconf 86' lang='lat' dir='ltr'><em>falsi</em></span> 
     </span>
     <span class='ocr_line' id='line_1_21' title="bbox 327 2687 1555 2770; baseline 0 -16"><span class='ocrx_word' id='word_1_179' title='bbox 327 2690 408 2754; x_wconf 89' lang='lat' dir='ltr'><em>haec</em></span> <span class='ocrx_word' id='word_1_180' title='bbox 437 2689 580 2754; x_wconf 89' lang='lat' dir='ltr'><em>convinci</em></span> <span class='ocrx_word' id='word_1_181' title='bbox 613 2692 722 2770; x_wconf 90' lang='lat' dir='ltr'><em>potest</em></span> <span class='ocrx_word' id='word_1_182' title='bbox 757 2688 875 2770; x_wconf 86' lang='lat' dir='ltr'><em>opinio.</em></span> <span class='ocrx_word' id='word_1_183' title='bbox 927 2689 971 2753; x_wconf 84' lang='lat' dir='ltr'><em>At</em></span> <span class='ocrx_word' id='word_1_184' title='bbox 1000 2689 1028 2753; x_wconf 92' lang='lat' dir='ltr'><em>si</em></span> <span class='ocrx_word' id='word_1_185' title='bbox 1056 2693 1209 2770; x_wconf 85' lang='lat' dir='ltr'><em>vergente</em></span> <span class='ocrx_word' id='word_1_186' title='bbox 1237 2688 1340 2770; x_wconf 90' lang='lat' dir='ltr'><em>primo</em></span> <span class='ocrx_word' id='word_1_187' title='bbox 1371 2707 1399 2753; x_wconf 92' lang='lat' dir='ltr'><em>a.</em></span> <span class='ocrx_word' id='word_1_188' title='bbox 1427 2687 1499 2754; x_wconf 80' lang='lat' dir='ltr'><em>Chr.</em></span> <span class='ocrx_word' id='word_1_189' title='bbox 1524 2708 1555 2754; x_wconf 91' lang='lat' dir='ltr'><em>n.</em></span> 
     </span>
     <span class='ocr_line' id='line_1_22' title="bbox 329 2794 1558 2878; baseline -0.001 -16"><span class='ocrx_word' id='word_1_190' title='bbox 329 2798 457 2863; x_wconf 84' lang='lat' dir='ltr'><em>saeculo</em></span> <span class='ocrx_word' id='word_1_191' title='bbox 481 2796 598 2861; x_wconf 85' lang='lat' dir='ltr'><em>deiecit</em></span> <span class='ocrx_word' id='word_1_192' title='bbox 622 2796 732 2862; x_wconf 88' lang='lat' dir='ltr'><em>schola</em></span> <span class='ocrx_word' id='word_1_193' title='bbox 755 2796 895 2878; x_wconf 83' lang='lat' dir='ltr'><em>Epicuri,</em></span> <span class='ocrx_word' id='word_1_194' title='bbox 920 2794 991 2861; x_wconf 89' lang='lat' dir='ltr'><em>fieri</em></span> <span class='ocrx_word' id='word_1_195' title='bbox 1014 2815 1078 2862; x_wconf 90' lang='lat' dir='ltr'><em>non</em></span> <span class='ocrx_word' id='word_1_196' title='bbox 1101 2799 1219 2877; x_wconf 87' lang='lat' dir='ltr'><em>potest,</em></span> <span class='ocrx_word' id='word_1_197' title='bbox 1243 2801 1280 2861; x_wconf 90' lang='lat' dir='ltr'><em>ut</em></span> <span class='ocrx_word' id='word_1_198' title='bbox 1303 2801 1417 2878; x_wconf 89' lang='lat' dir='ltr'><em>postea</em></span> <span class='ocrx_word' id='word_1_199' title='bbox 1441 2797 1558 2862; x_wconf 85' lang='lat' dir='ltr'><em>vixerit</em></span> 
     </span>
     <span class='ocr_line' id='line_1_23' title="bbox 330 2903 1558 2989; baseline -0.002 -19"><span class='ocrx_word' id='word_1_200' title='bbox 330 2908 356 2970; x_wconf 92' lang='lat' dir='ltr'><em>is</em></span> <span class='ocrx_word' id='word_1_201' title='bbox 380 2908 435 2989; x_wconf 91' lang='lat' dir='ltr'><em>qui</em></span> <span class='ocrx_word' id='word_1_202' title='bbox 451 2906 697 2970; x_wconf 86' lang='lat' dir='ltr'><em>diuturnitatem</em></span> <span class='ocrx_word' id='word_1_203' title='bbox 715 2906 783 2969; x_wconf 88' lang='lat' dir='ltr'><em>eius</em></span> <span class='ocrx_word' id='word_1_204' title='bbox 803 2905 924 2985; x_wconf 87' lang='lat' dir='ltr'><em>laudat,</em></span> <span class='ocrx_word' id='word_1_205' title='bbox 949 2905 1011 2969; x_wconf 88' lang='lat' dir='ltr'><em>nisi</em></span> <span class='ocrx_word' id='word_1_206' title='bbox 1035 2903 1119 2970; x_wconf 85' lang='lat' dir='ltr'><em>forte</em></span> <span class='ocrx_word' id='word_1_207' title='bbox 1143 2904 1270 2985; x_wconf 88' lang='lat' dir='ltr'><em>stupide</em></span> <span class='ocrx_word' id='word_1_208' title='bbox 1294 2905 1435 2970; x_wconf 88' lang='lat' dir='ltr'><em>auctoris</em></span> <span class='ocrx_word' id='word_1_209' title='bbox 1458 2905 1558 2970; x_wconf 86' lang='lat' dir='ltr'><em>verba</em></span> 
     </span>
     <span class='ocr_line' id='line_1_24' title="bbox 329 3012 1554 3095; baseline -0.001 -18"><span class='ocrx_word' id='word_1_210' title='bbox 329 3019 362 3078; x_wconf 90' lang='lat' dir='ltr'><em>et</em></span> <span class='ocrx_word' id='word_1_211' title='bbox 396 3014 466 3095; x_wconf 87' lang='lat' dir='ltr'><em>ipse</em></span> <span class='ocrx_word' id='word_1_212' title='bbox 501 3013 662 3079; x_wconf 87' lang='lat' dir='ltr'><em>decantat.</em></span> <span class='ocrx_word' id='word_1_213' title='bbox 713 3013 781 3078; x_wconf 91' lang='lat' dir='ltr'><em>Iam</em></span> <span class='ocrx_word' id='word_1_214' title='bbox 817 3031 892 3078; x_wconf 86' lang='lat' dir='ltr'><em>vero</em></span> <span class='ocrx_word' id='word_1_215' title='bbox 927 3012 1070 3076; x_wconf 90' lang='lat' dir='ltr'><em>Dioclem</em></span> <span class='ocrx_word' id='word_1_216' title='bbox 1106 3031 1197 3077; x_wconf 91' lang='lat' dir='ltr'><em>suum</em></span> <span class='ocrx_word' id='word_1_217' title='bbox 1231 3012 1335 3093; x_wconf 92' lang='lat' dir='ltr'><em>primo</em></span> <span class='ocrx_word' id='word_1_218' title='bbox 1364 3031 1394 3094; x_wconf 91' lang='lat' dir='ltr'><em>p.</em></span> <span class='ocrx_word' id='word_1_219' title='bbox 1421 3012 1493 3077; x_wconf 85' lang='lat' dir='ltr'><em>Chr.</em></span> <span class='ocrx_word' id='word_1_220' title='bbox 1524 3031 1554 3076; x_wconf 91' lang='lat' dir='ltr'><em>n.</em></span> 
     </span>
     <span class='ocr_line' id='line_1_25' title="bbox 329 3119 1556 3204; baseline -0.003 -17"><span class='ocrx_word' id='word_1_221' title='bbox 329 3123 457 3187; x_wconf 87' lang='lat' dir='ltr'><em>saeculo</em></span> <span class='ocrx_word' id='word_1_222' title='bbox 482 3123 626 3203; x_wconf 81' lang='lat' dir='ltr'><em>assignat</em></span> <span class='ocrx_word' id='word_1_223' title='bbox 650 3121 860 3185; x_wconf 86' lang='lat' dir='ltr'><em>Nietcscheus</em></span> <span class='ocrx_word' id='word_1_224' title='bbox 885 3120 1006 3203; x_wconf 84' lang='lat' dir='ltr'><em>[progr.</em></span> <span class='ocrx_word' id='word_1_225' title='bbox 1030 3141 1062 3202; x_wconf 91' lang='lat' dir='ltr'><em>p.</em></span> <span class='ocrx_word' id='word_1_226' title='bbox 1082 3123 1100 3184; x_wconf 86' lang='lat'>9</span> <span class='ocrx_word' id='word_1_227' title='bbox 1125 3119 1204 3204; x_wconf 92' lang='lat' dir='ltr'><em>sq.]:</em></span> <span class='ocrx_word' id='word_1_228' title='bbox 1230 3119 1319 3186; x_wconf 86' lang='lat' dir='ltr'><em>vides</em></span> <span class='ocrx_word' id='word_1_229' title='bbox 1343 3125 1379 3185; x_wconf 91' lang='lat' dir='ltr'><em>ut</em></span> <span class='ocrx_word' id='word_1_230' title='bbox 1403 3121 1556 3201; x_wconf 83' lang='lat' dir='ltr'><em>ipseper</em></span> 
     </span>
     <span class='ocr_line' id='line_1_26' title="bbox 330 3228 1556 3309; baseline -0.003 -14"><span class='ocrx_word' id='word_1_231' title='bbox 330 3249 365 3294; x_wconf 88' lang='lat' dir='ltr'><em>se</em></span> <span class='ocrx_word' id='word_1_232' title='bbox 400 3230 547 3295; x_wconf 89' lang='lat' dir='ltr'><em>concidat</em></span> <span class='ocrx_word' id='word_1_233' title='bbox 575 3229 808 3294; x_wconf 87' lang='lat' dir='ltr'><em>Nietzsoheaua</em></span> <span class='ocrx_word' id='word_1_234' title='bbox 844 3229 908 3293; x_wconf 90' lang='lat' dir='ltr'><em>ista</em></span> <span class='ocrx_word' id='word_1_235' title='bbox 939 3228 1129 3293; x_wconf 88' lang='lat' dir='ltr'><em>ratiuncula.</em></span> <span class='ocrx_word' id='word_1_236' title='bbox 1162 3265 1200 3274; x_wconf 89' lang='lat'>-</span> <span class='ocrx_word' id='word_1_237' title='bbox 1230 3228 1391 3309; x_wconf 84' lang='lat' dir='ltr'><em>Dogmata</em></span> <span class='ocrx_word' id='word_1_238' title='bbox 1425 3228 1556 3309; x_wconf 88' lang='lat' dir='ltr'><em>Epicuri</em></span> 
     </span>
     <span class='ocr_line' id='line_1_27' title="bbox 328 3332 1555 3402; baseline -0.003 0"><span class='ocrx_word' id='word_1_239' title='bbox 328 3338 413 3402; x_wconf 90' lang='lat' dir='ltr'><em>unde</em></span> <span class='ocrx_word' id='word_1_240' title='bbox 441 3337 566 3401; x_wconf 82' lang='lat' dir='ltr'><em>furatus</em></span> <span class='ocrx_word' id='word_1_241' title='bbox 594 3338 638 3401; x_wconf 89' lang='lat' dir='ltr'><em>sit</em></span> <span class='ocrx_word' id='word_1_242' title='bbox 669 3336 819 3400; x_wconf 85' lang='lat' dir='ltr'><em>Laertius</em></span> <span class='ocrx_word' id='word_1_243' title='bbox 848 3335 1039 3400; x_wconf 89' lang='lat' dir='ltr'><em>Nietzsoheo</em></span> <span class='ocrx_word' id='word_1_244' title='bbox 1069 3334 1232 3400; x_wconf 89' lang='lat' dir='ltr'><em>confessus</em></span> <span class='ocrx_word' id='word_1_245' title='bbox 1261 3340 1312 3400; x_wconf 91' lang='lat' dir='ltr'><em>est</em></span> <span class='ocrx_word' id='word_1_246' title='bbox 1340 3336 1370 3400; x_wconf 86' lang='lat' dir='ltr'>X</span> <span class='ocrx_word' id='word_1_247' title='bbox 1400 3336 1455 3400; x_wconf 80' lang='lat'><em>28:</em></span> <span class='ocrx_word' id='word_1_248' title='bbox 1486 3332 1555 3398; x_wconf 77' lang='lat' dir='ltr'><em>toc-</em></span> 
     </span>
     <span class='ocr_line' id='line_1_28' title="bbox 327 3439 1554 3529; baseline -0.003 -21"><span class='ocrx_word' id='word_1_249' title='bbox 327 3443 429 3529; x_wconf 69' lang='grc' dir='ltr'><strong><em>τομιὴν</em></strong></span> <span class='ocrx_word' id='word_1_250' title='bbox 444 3443 475 3508; x_wconf 87' lang='lat' dir='ltr'><em>d&#39;</em></span> <span class='ocrx_word' id='word_1_251' title='bbox 488 3439 606 3520; x_wconf 76' lang='grc' dir='ltr'><strong><em>αὐτῶν,</em></strong></span> <span class='ocrx_word' id='word_1_252' title='bbox 631 3444 661 3506; x_wconf 79' lang='grc' dir='ltr'><em>ελ</em></span> <span class='ocrx_word' id='word_1_253' title='bbox 683 3442 779 3523; x_wconf 76' lang='grc' dir='ltr'><strong><em>δοκεῖ,</em></strong></span> <span class='ocrx_word' id='word_1_254' title='bbox 804 3442 966 3506; x_wconf 77' lang='grc' dir='ltr'><strong><em>ἐκθέσθαι</em></strong></span> <span class='ocrx_word' id='word_1_255' title='bbox 994 3441 1189 3526; x_wconf 84' lang='grc' dir='ltr'><strong><em>πειράσομαι</em></strong></span> <span class='ocrx_word' id='word_1_256' title='bbox 1214 3490 1242 3508; x_wconf 92' lang='grc'><em>..</em></span> <span class='ocrx_word' id='word_1_257' title='bbox 1267 3439 1346 3506; x_wconf 79' lang='grc' dir='ltr'><strong><em>ὥστε</em></strong></span> <span class='ocrx_word' id='word_1_258' title='bbox 1370 3461 1404 3506; x_wconf 86' lang='grc' dir='ltr'><em>σε</em></span> <span class='ocrx_word' id='word_1_259' title='bbox 1426 3466 1554 3507; x_wconf 80' lang='grc' dir='ltr'><strong><em>παντα-</em></strong></span> 
     </span>
     <span class='ocr_line' id='line_1_29' title="bbox 326 3547 1552 3636; baseline -0.001 -20"><span class='ocrx_word' id='word_1_260' title='bbox 326 3551 428 3634; x_wconf 82' lang='grc' dir='ltr'><strong><em>χόθεν</em></strong></span> <span class='ocrx_word' id='word_1_261' title='bbox 452 3554 656 3634; x_wconf 73' lang='grc' dir='ltr'><strong><em>καταμαθεῖν</em></strong></span> <span class='ocrx_word' id='word_1_262' title='bbox 678 3548 734 3615; x_wconf 79' lang='grc' dir='ltr'><em>τὸν</em></span> <span class='ocrx_word' id='word_1_263' title='bbox 757 3551 865 3636; x_wconf 81' lang='grc' dir='ltr'><strong><em>ἄνδρα</em></strong></span> <span class='ocrx_word' id='word_1_264' title='bbox 892 3547 975 3634; x_wconf 68' lang='lat' dir='ltr'><em>accipi</em></span> <span class='ocrx_word' id='word_1_265' title='bbox 1003 3555 1121 3635; x_wconf 77' lang='grc' dir='ltr'><strong><em>κρίνειν</em></strong></span> <span class='ocrx_word' id='word_1_266' title='bbox 1148 3550 1275 3615; x_wconf 74' lang='grc' dir='ltr'><strong><em>εἰδέναι.</em></strong></span> <span class='ocrx_word' id='word_1_267' title='bbox 1321 3550 1391 3631; x_wconf 83' lang='lat' dir='ltr'><em>Ego</em></span> <span class='ocrx_word' id='word_1_268' title='bbox 1414 3551 1552 3632; x_wconf 79' lang='lat' dir='ltr'><em>quidem,</em></span> 
     </span>
     <span class='ocr_line' id='line_1_30' title="bbox 329 3658 1553 3742; baseline -0.001 -18"><span class='ocrx_word' id='word_1_269' title='bbox 329 3660 406 3742; x_wconf 90' lang='lat' dir='ltr'><em>quid</em></span> <span class='ocrx_word' id='word_1_270' title='bbox 434 3660 474 3724; x_wconf 93' lang='lat' dir='ltr'><em>de</em></span> <span class='ocrx_word' id='word_1_271' title='bbox 505 3663 636 3724; x_wconf 89' lang='lat' dir='ltr'><em>auctore</em></span> <span class='ocrx_word' id='word_1_272' title='bbox 665 3677 722 3724; x_wconf 88' lang='lat' dir='ltr'><em>suo</em></span> <span class='ocrx_word' id='word_1_273' title='bbox 751 3661 916 3741; x_wconf 90' lang='lat' dir='ltr'><em>aperuerit</em></span> <span class='ocrx_word' id='word_1_274' title='bbox 944 3659 1108 3738; x_wconf 88' lang='lat' dir='ltr'><em>Laertius,</em></span> <span class='ocrx_word' id='word_1_275' title='bbox 1144 3658 1188 3722; x_wconf 91' lang='lat' dir='ltr'><em>ibi</em></span> <span class='ocrx_word' id='word_1_276' title='bbox 1217 3676 1280 3724; x_wconf 89' lang='lat' dir='ltr'><em>nou</em></span> <span class='ocrx_word' id='word_1_277' title='bbox 1309 3659 1450 3724; x_wconf 88' lang='lat' dir='ltr'><em>invenio:</em></span> <span class='ocrx_word' id='word_1_278' title='bbox 1483 3659 1553 3741; x_wconf 90' lang='lat' dir='ltr'><em>ipse</em></span> 
     </span>
    </p>
   </div>
   <div class='ocr_carea' id='block_1_3' title="bbox 329 3765 1553 4050">
    <p class='ocr_par' dir='ltr' id='par_1_4' title="bbox 329 3765 1553 4050">
     <span class='ocr_line' id='line_1_31' title="bbox 330 3765 1551 3850; baseline 0 -20"><span class='ocrx_word' id='word_1_279' title='bbox 330 3769 415 3831; x_wconf 89' lang='lat' dir='ltr'><em>enim</em></span> <span class='ocrx_word' id='word_1_280' title='bbox 436 3767 584 3832; x_wconf 90' lang='lat' dir='ltr'><em>Laertius</em></span> <span class='ocrx_word' id='word_1_281' title='bbox 607 3766 759 3848; x_wconf 79' lang='lat' dir='ltr'><em>loquitur,</em></span> <span class='ocrx_word' id='word_1_282' title='bbox 784 3787 847 3832; x_wconf 89' lang='lat' dir='ltr'><em>non</em></span> <span class='ocrx_word' id='word_1_283' title='bbox 870 3767 999 3831; x_wconf 91' lang='lat' dir='ltr'><em>Diocles</em></span> <span class='ocrx_word' id='word_1_284' title='bbox 1023 3766 1075 3850; x_wconf 86' lang='lat' dir='ltr'><em>[of.</em></span> <span class='ocrx_word' id='word_1_285' title='bbox 1101 3765 1387 3831; x_wconf 85' lang='lat' dir='ltr'><em>Frendenthalium</em></span> <span class='ocrx_word' id='word_1_286' title='bbox 1408 3786 1438 3849; x_wconf 94' lang='lat' dir='ltr'><em>p.</em></span> <span class='ocrx_word' id='word_1_287' title='bbox 1461 3766 1551 3849; x_wconf 88' lang='lat'><em>308].</em></span> 
     </span>
     <span class='ocr_line' id='line_1_32' title="bbox 329 3872 1553 3957; baseline -0.001 -19"><span class='ocrx_word' id='word_1_288' title='bbox 329 3912 373 3922; x_wconf 89' lang='lat'><em>—-</em></span> <span class='ocrx_word' id='word_1_289' title='bbox 401 3876 449 3940; x_wconf 89' lang='lat' dir='ltr'><em>Ne</em></span> <span class='ocrx_word' id='word_1_290' title='bbox 484 3876 524 3941; x_wconf 93' lang='lat' dir='ltr'><em>de</em></span> <span class='ocrx_word' id='word_1_291' title='bbox 563 3876 713 3957; x_wconf 88' lang='lat' dir='ltr'><em>epicurea</em></span> <span class='ocrx_word' id='word_1_292' title='bbox 750 3875 879 3957; x_wconf 91' lang='lat' dir='ltr'><em>quidem</em></span> <span class='ocrx_word' id='word_1_293' title='bbox 913 3874 1060 3939; x_wconf 88' lang='lat' dir='ltr'><em>doctrina</em></span> <span class='ocrx_word' id='word_1_294' title='bbox 1095 3873 1175 3937; x_wconf 90' lang='lat' dir='ltr'><em>certi</em></span> <span class='ocrx_word' id='word_1_295' title='bbox 1213 3873 1386 3954; x_wconf 87' lang='lat' dir='ltr'><em>quidquam</em></span> <span class='ocrx_word' id='word_1_296' title='bbox 1425 3872 1553 3938; x_wconf 87' lang='lat' dir='ltr'><em>edocuit</em></span> 
     </span>
     <span class='ocr_line' id='line_1_33' title="bbox 329 3983 547 4050; baseline 0 -2"><span class='ocrx_word' id='word_1_297' title='bbox 329 3983 547 4050; x_wconf 86' lang='lat' dir='ltr'><em>Nietcscheus.</em></span> 
     </span>
    </p>
   </div>
   <div class='ocr_carea' id='block_1_4' title="bbox 329 4111 541 4122">
    <p class='ocr_par' dir='ltr' id='par_1_5' title="bbox 329 4111 541 4122">
     <span class='ocr_line' id='line_1_34' title="bbox 329 4111 541 4122; baseline -0.005 -2"><span class='ocrx_word' id='word_1_298' title='bbox 329 4111 541 4122; x_wconf 53' lang='lat' dir='ltr'><em>m</em></span> 
     </span>
    </p>
   </div>
   <div class='ocr_carea' id='block_1_5' title="bbox 330 4155 1551 4500">
    <p class='ocr_par' dir='ltr' id='par_1_6' title="bbox 330 4155 1551 4500">
     <span class='ocr_line' id='line_1_35' title="bbox 401 4155 1550 4230; baseline -0.001 -17"><span class='ocrx_word' id='word_1_299' title='bbox 401 4159 425 4230; x_wconf 81' lang='lat'><em>⁵)</em></span> <span class='ocrx_word' id='word_1_300' title='bbox 445 4160 633 4215; x_wconf 80' lang='lat' dir='ltr'><em>Conlationem</em></span> <span class='ocrx_word' id='word_1_301' title='bbox 657 4176 683 4228; x_wconf 89' lang='lat' dir='ltr'><em>p.</em></span> <span class='ocrx_word' id='word_1_302' title='bbox 706 4160 757 4214; x_wconf 87' lang='grc'><em>309</em></span> <span class='ocrx_word' id='word_1_303' title='bbox 777 4156 1009 4213; x_wconf 83' lang='lat' dir='ltr'><em>Frendenthalius</em></span> <span class='ocrx_word' id='word_1_304' title='bbox 1032 4155 1180 4224; x_wconf 85' lang='lat' dir='ltr'><em>adscripsit</em></span> <span class='ocrx_word' id='word_1_305' title='bbox 1202 4155 1352 4212; x_wconf 86' lang='lat' dir='ltr'><em>Burbonioi</em></span> <span class='ocrx_word' id='word_1_306' title='bbox 1376 4163 1404 4211; x_wconf 90' lang='lat' dir='ltr'><em>et</em></span> <span class='ocrx_word' id='word_1_307' title='bbox 1428 4157 1550 4212; x_wconf 90' lang='lat' dir='ltr'><em>Lauren·</em></span> 
     </span>
     <span class='ocr_line' id='line_1_36' title="bbox 331 4245 1551 4320; baseline -0.001 -17"><span class='ocrx_word' id='word_1_308' title='bbox 331 4250 407 4305; x_wconf 87' lang='lat' dir='ltr'><em>tiani.</em></span> <span class='ocrx_word' id='word_1_309' title='bbox 446 4251 507 4319; x_wconf 88' lang='lat' dir='ltr'><em>Ipse</em></span> <span class='ocrx_word' id='word_1_310' title='bbox 526 4248 756 4304; x_wconf 84' lang='lat' dir='ltr'><em>Frendenthalius</em></span> <span class='ocrx_word' id='word_1_311' title='bbox 774 4265 860 4318; x_wconf 78' lang='lat' dir='ltr'><em>prava</em></span> <span class='ocrx_word' id='word_1_312' title='bbox 879 4248 976 4303; x_wconf 81' lang='lat' dir='ltr'><em>Gobeti</em></span> <span class='ocrx_word' id='word_1_313' title='bbox 995 4245 1171 4302; x_wconf 86' lang='lat' dir='ltr'><em>distinctione</em></span> <span class='ocrx_word' id='word_1_314' title='bbox 1194 4245 1323 4301; x_wconf 88' lang='lat' dir='ltr'><em>inductus</em></span> <span class='ocrx_word' id='word_1_315' title='bbox 1347 4253 1410 4315; x_wconf 88' lang='lat' dir='ltr'><em>post</em></span> <span class='ocrx_word' id='word_1_316' title='bbox 1433 4251 1551 4320; x_wconf 78' lang='grc' dir='ltr'><strong><em>εἴπωμεν</em></strong></span> 
     </span>
     <span class='ocr_line' id='line_1_37' title="bbox 331 4335 1549 4409; baseline -0.002 -15"><span class='ocrx_word' id='word_1_317' title='bbox 331 4339 477 4396; x_wconf 86' lang='lat' dir='ltr'><em>subtimide</em></span> <span class='ocrx_word' id='word_1_318' title='bbox 506 4341 625 4395; x_wconf 87' lang='lat' dir='ltr'><em>coniecit</em></span> <span class='ocrx_word' id='word_1_319' title='bbox 657 4339 791 4395; x_wconf 80' lang='lat' dir='ltr'><em>excidisse</em></span> <span class='ocrx_word' id='word_1_320' title='bbox 819 4339 896 4394; x_wconf 85' lang='lat' dir='ltr'><em>velut</em></span> <span class='ocrx_word' id='word_1_321' title='bbox 923 4335 1135 4409; x_wconf 73' lang='grc' dir='ltr'><strong><em>ὑπογράφομιν.</em></strong></span> <span class='ocrx_word' id='word_1_322' title='bbox 1167 4369 1200 4378; x_wconf 87' lang='grc'>-</span> <span class='ocrx_word' id='word_1_323' title='bbox 1232 4336 1405 4391; x_wconf 87' lang='lat' dir='ltr'><em>Bahnsohius</em></span> <span class='ocrx_word' id='word_1_324' title='bbox 1432 4337 1549 4393; x_wconf 83' lang='lat' dir='ltr'><em>traditae</em></span> 
     </span>
     <span class='ocr_line' id='line_1_38' title="bbox 330 4428 1095 4500; baseline -0.003 -18"><span class='ocrx_word' id='word_1_325' title='bbox 330 4430 483 4497; x_wconf 85' lang='lat' dir='ltr'><em>scripturae</em></span> <span class='ocrx_word' id='word_1_326' title='bbox 502 4431 610 4485; x_wconf 87' lang='lat' dir='ltr'><em>nescius</em></span> <span class='ocrx_word' id='word_1_327' title='bbox 629 4431 662 4486; x_wconf 86' lang='lat' dir='ltr'><em>de</em></span> <span class='ocrx_word' id='word_1_328' title='bbox 682 4430 840 4500; x_wconf 84' lang='lat' dir='ltr'><em>corruptela</em></span> <span class='ocrx_word' id='word_1_329' title='bbox 857 4428 989 4498; x_wconf 74' lang='lat' dir='ltr'><em>cogitaui</em></span> <span class='ocrx_word' id='word_1_330' title='bbox 1007 4443 1032 4495; x_wconf 87' lang='lat' dir='ltr'><em>p.</em></span> <span class='ocrx_word' id='word_1_331' title='bbox 1052 4429 1095 4482; x_wconf 77' lang='lat'><em>42.</em></span> 
     </span>
    </p>
   </div>
   <div class='ocr_carea' id='block_1_6' title="bbox 0 0 1714 5408">
    <p class='ocr_par' dir='ltr' id='par_1_7' title="bbox 0 0 1714 5408">
     <span class='ocr_line' id='line_1_39' title="bbox 0 0 1714 5408; baseline 0 0"><span class='ocrx_word' id='word_1_332' title='bbox 0 0 1714 5408; x_wconf 95' lang='lat' dir='ltr'><em> </em></span> 
     </span>
    </p>
   </div>
  </div>
 </body>
</html>
