3432 5400
244 705 287 770 At
313 701 475 771 Eudociae
504 701 544 771 de
573 700 765 770 Antisthene
796 699 951 771 articulus
982 699 1068 787 quod
1096 701 1224 770 videtur
1251 702 1384 771 Flachio

155 833 361 896 nequaquam
391 814 604 894 demonstrat,
640 831 832 896 quamquam
860 812 960 878 verba
992 811 1107 877 ultima
1135 811 1323 897 ιἐιιλεύιησε
1349 812 1386 876 δὲ

148 919 333 1006 Ἀθήνησιν
368 917 661 1006 ἑβδομηκοντούτης
695 918 878 1003 γενόμενος’
913 919 1008 985 hodie
1044 919 1076 984 in
1111 921 1231 985 nostris
1267 920 1385 986 Suidae

150 1027 317 1092 codicibus
351 1029 470 1092 omiSsa
499 1033 588 1092 sumt:
621 1045 695 1091 nam
723 1029 822 1092 etiam
852 1045 891 1092 ex
919 1027 1074 1108 plenioris
1103 1029 1221 1093 oodIcis
1256 1045 1316 1092 usu
1351 1026 1385 1090 id
1423 1109 1426 1114 Ι

152 1135 262 1215 ipsum
280 1131 572 1218 explicaretur¹¹⁹).
612 1135 837 1198 Examinemus
861 1135 961 1216 igitur
978 1134 1110 1216 EpIcuri
1134 1135 1175 1200 ad
1198 1134 1385 1216 Pythoclem

153 1245 188 1306 et
197 1242 400 1306 Herodotum
414 1242 578 1323 epistulas
606 1243 693 1320 Quae
704 1261 774 1306 oum
789 1241 840 1307 vel
851 1247 986 1324 propter
999 1242 1163 1324 ingentem
1176 1242 1331 1307 ambItum
1341 1279 1385 1288 —-

150 1349 357 1430 undeviginti
375 1350 535 1431 complent
551 1349 898 1431 paginas'Cobetianas
929 1387 962 1394 -
989 1369 1030 1414 ne
1047 1351 1080 1414 in
1095 1350 1241 1432 pleniore
1257 1350 1385 1432 quidem

154 1457 256 1521 Suida
273 1456 338 1520 ullo
353 1462 450 1539 pacto
464 1458 591 1537 possint
602 1476 742 1538 unquam
756 1458 912 1536 extitisse,
930 1458 1150 1538 quaestionem
1163 1456 1384 1540 profligarent,

151 1564 336 1644 victumque
361 1568 397 1627 nt
419 1583 469 1628 me
494 1563 615 1628 faterer
640 1567 808 1645 cogerent:
834 1564 1005 1629 dummodo
1028 1583 1144 1645 reapse
1168 1570 1277 1630 essent
1300 1565 1386 1647 apud

152 1669 330 1735 Eudociam
354 1670 523 1751 pleniores
565 1671 682 1734 Mirum
705 1690 756 1736 me
779 1671 887 1750 habet,
913 1671 997 1752 quod
1013 1671 1070 1736 illa
1086 1690 1105 1735 a
1121 1671 1251 1737 Laertio
1268 1672 1386 1736 omissa

153 1778 306 1842 Flachius
330 1779 513 1859 supersedit
537 1777 729 1859 significare.
771 1777 913 1862 Cumque
938 1784 970 1843 et
992 1779 1123 1860 longum
1147 1780 1190 1844 sit
1214 1784 1247 1844 et
1269 1779 1386 1844 moles·

153 1890 224 1949 tum
248 1885 410 1949 Eudociae
434 1885 627 1966 indigestam
650 1887 767 1951 molem
792 1925 834 1932 —
859 1890 910 1950 est
934 1891 967 1950 et
996 1886 1067 1967 ipsa
1095 1887 1128 1950 in
1155 1887 1385 1968 stupidissimis

155 1993 218 2057 etsi
243 2011 335 2056 secus
358 1993 485 2057 videtur
501 1992 631 2057 Flachio
656 2029 700 2040 -
724 2012 795 2057 cum
810 1993 941 2057 Laertio
966 1987 1199 2077 conferre¹¹⁹'')‚
1216 2012 1329 2058 vereor
1344 2013 1385 2058 ne

154 2099 288 2163 Flachio
324 2098 403 2164 fides
439 2099 507 2163 sine
543 2105 693 2165 accurato
723 2100 868 2164 examine
903 2099 1071 2164 habeatur.
1118 2100 1192 2182 Ipse
1227 2101 1386 2182 quantilla

154 2207 220 2271 Ista
236 2207 280 2270 sit
295 2205 385 2286 fides,
410 2212 581 2290 postquam
606 2226 723 2288 operae
748 2227 811 2272 non
827 2207 959 2288 peperci
982 2207 1199 2289 comparandi,
1224 2209 1384 2291 perspexi.

154 2313 272 2378 Omnia
295 2312 457 2394 proferam
480 2314 627 2396 exempla
651 2320 808 2397 quotquot
832 2314 1047 2380 inveniuntur.

246 2421 284 2485 In
308 2422 447 2502 epistola
471 2422 511 2486 ad
523 2422 725 2486 Herodotum
748 2442 778 2503 p.
801 2424 873 2503 181,
900 2424 942 2486 24
967 2421 1138 2504 [Villoison
1160 2423 1271 2488 anecd.
1290 2443 1336 2506 gr.
1354 2423 1383 2508 I]

152 2529 255 2594 verba
277 2529 440 2594 Eudociae
464 2532 519 2592 καὶ
549 2527 630 2613 πρὸς
654 2527 746 2593 ἁπλᾶ
770 2527 1003 2613 στοιχειώματα
1027 2532 1083 2592 καὶ
1109 2531 1223 2610 φωνὰς
1244 2550 1384 2612 συναγο-

152 2641 263 2718 μένων
276 2637 392 2701 desunt
405 2637 517 2702 eodem
530 2637 615 2717 apud
630 2637 794 2701 Laertium
807 2638 877 2702 loco
891 2637 935 2720 [X
952 2657 983 2720 p.
998 2638 1073 2717 263,
1094 2639 1134 2701 16
1147 2637 1224 2722 sq.];
1242 2640 1383 2722 itemque

152 2763 184 2824 p.
202 2745 274 2823 188,
294 2746 332 2808 12
347 2741 406 2806 ἐοὶτ
417 2767 477 2828 περ
489 2745 626 2831 διαμένῃ
642 2739 701 2824 ὀξὺ
713 2745 774 2829 τήν
786 2749 942 2830 αἴσθησιν
955 2746 1041 2827 apud
1053 2745 1219 2810 Laertium
1231 2747 1261 2810 X
1272 2749 1382 2829 p.269,

155 2852 196 2913 15
221 2870 268 2932 sq.
298 2851 329 2914 in
355 2851 494 2932 epistola
518 2852 558 2916 ad
581 2852 769 2934 Pythoclem
792 2873 823 2934 p.
852 2856 999 2933 174,11;
1026 2858 1058 2918 et
1080 2857 1138 2918 καὶ
1162 2851 1200 2920 οὗ
1223 2855 1383 2937 λυομένου

152 2956 263 3021 πάντα
291 2959 332 3023 τὰ
360 2958 396 3022 ἒν
424 2955 513 3046 αὐτῷ
542 2957 695 3042 σύγχυσιν
723 2960 861 3047 λήψεται
895 2962 981 3043 apud
1008 2961 1174 3026 Laertium
1203 2961 1232 3026 X
1256 2981 1287 3043 p.
1306 2964 1381 3043 274,
1454 3019 1459 3023 .

225 3131 327 3202 11⁹)ct
341 3132 404 3187 diss.
416 3150 504 3187 meam
518 3134 559 3188 ‘de
573 3135 738 3203 Sibyllarum
750 3134 896 3189 indicibus’
907 3135 998 3190 Berol.
1012 3137 1078 3190 1879
1091 3152 1118 3203 p.
1131 3137 1174 3192 55.
1193 3136 1381 3191 Eudociam

151 3222 311 3290 pleniore
332 3223 456 3278 Suidae
480 3224 597 3278 codIce
617 3241 709 3278 usam
727 3241 804 3279 esse
832 3224 972 3280 verissime
996 3224 1050 3280 iam
1075 3227 1168 3294 posuit
1186 3226 1382 3294 Bernhardyus

151 3311 181 3363 in
205 3310 291 3378 prael.
317 3311 351 3365 ad
373 3312 473 3366 Suidae
497 3312 607 3367 lexicon
630 3331 657 3382 p.
676 3314 798 3368 XXXIII
817 3331 856 3382 sq.
883 3313 929 3384 [cf.
954 3315 1036 3369 etiam
1054 3314 1087 3371 R.
1106 3315 1239 3370 Nitzsche
1265 3317 1380 3384 ‘quaest

150 3398 258 3452 Eudoc.
278 3415 355 3469 capp.
375 3400 421 3455 lv*
439 3400 603 3471 Altenburgi
625 3406 693 3458 1868
710 3421 738 3473 p.
758 3407 793 3459 30
812 3403 891 3474 sqq.].

223 3489 333 3557 Moneo,
352 3490 435 3544 etiam
455 3507 475 3544 s.
495 3508 520 3543 v.
535 3490 705 3562 Ἀρίστιππος
723 3493 875 3548 EudocIam
894 3509 970 3547 usam
990 3509 1049 3549 esse
1069 3494 1161 3563 Suida,
1181 3510 1241 3548 cum
1258 3495 1380 3548 adiceret

149 3579 238 3645 patris
257 3593 354 3633 nomen
373 3579 514 3650 ‘Aritadi’3
540 3581 611 3648 quod
630 3597 691 3636 oum
709 3584 782 3638 desit
800 3584 828 3636 in
847 3583 974 3651 Laertio,
993 3584 1123 3638 Flachius
1142 3600 1326 3653 praepropere
1344 3585 1379 3639 de

149 3667 274 3735 pleniore
294 3668 430 3735 quondam
448 3670 560 3722 Laertio
584 3671 723 3739 cogitavit.
759 3673 794 3726 E.
812 3671 928 3726 Rohdeo
947 3672 1054 3726 Flachii
1077 3674 1215 3741 persuasit
1235 3689 1379 3742 argumen—
1479 3665 1482 3674 ’

151 3755 221 3809 tatio
248 3756 328 3826 [mus.
347 3758 424 3810 rhen.
443 3759 562 3813 XXXIV
585 3777 612 3826 p.
630 3762 703 3828 5631
724 3793 756 3800 -
776 3761 869 3814 Etiam
893 3761 1001 3815 Flachii
1022 3762 1057 3816 da
1080 3762 1217 3831 Hesychio
1242 3778 1378 3816 commen-

150 3846 284 3898 tationem
308 3849 560 3916 ‘untersuchuugen
588 3849 657 3903 tiber
682 3850 834 3919 Hesychius
858 3850 992 3904 Milesius’
1023 3851 1125 3904 editam
1152 3853 1181 3905 in
1208 3868 1275 3906 mus.
1300 3852 1377 3905 rhen.

150 3934 204 3987 vol.
223 3934 328 3988 XXXV
349 3936 440 4006 [1880]
459 3955 484 4004 p.
502 3941 550 3992 191
572 3954 630 4006 sqq.
652 3944 736 3994 totam
762 3955 820 3993 esse
844 3939 951 3992 irritam
971 3939 1116 4009 concedet,
1141 3940 1188 4008 qui
1212 3947 1376 3994 commenta-

150 4023 301 4077 tiunculam
320 4025 400 4078 Istam
412 4026 600 4080 Eudocianam
613 4028 655 4081 nti
672 4044 722 4095 par
736 4034 777 4081 est
796 4028 1000 4096 improbaverit.
1030 4029 1075 4081 Ex
1094 4027 1186 4082 cadem
1205 4027 1239 4083 de
1252 4027 1379 4083 Eudocia

150 4113 347 4182 superstitione
366 4115 538 4182 explicantur
557 4133 626 4182 quae
646 4123 743 4170 contra
756 4117 976 4172 dissertationem
995 4133 1081 4172 meam
1100 4116 1173 4170 idem
1192 4118 1259 4171 mihi
1277 4133 1376 4186 nuper-

149 4204 218 4257 rime
238 4203 359 4258 obvertit
378 4203 405 4256 iu
418 4202 509 4256 Iahnii
528 4220 587 4257 ann.
609 4205 697 4258 GXXI
717 4206 813 4276 [1880]
833 4223 859 4275 p.
874 4209 923 4260 106
943 4222 1002 4274 sqq.
1034 4206 1112 4260 Adde
1126 4206 1198 4274 quod
1210 4223 1252 4260 me
1266 4207 1376 4262 omniuo

149 4310 205 4347 non
224 4292 366 4346 intellexit

225 4381 285 4443 ¹¹9¹’l
307 4381 448 4451 Epistulas
474 4381 534 4435 illas
557 4382 585 4435 in
609 4383 728 4437 editione
747 4385 889 4438 Eudociaa
912 4385 999 4454 [Lips.
1023 4384 1103 4455 1880]
1123 4383 1214 4439 omisit
1231 4385 1374 4440 Flachiusl

149 4472 234 4527 Vides
253 4477 284 4523 ut
303 4471 360 4539 ipso
380 4478 540 4540 argumento
559 4489 609 4526 suo
627 4471 742 4526 diffidat.

1178 4565 1213 4620 8*
