3420 5408
1296 463 1337 526 27

200 634 450 716 Chrysipporum
474 633 616 698 V11186
640 633 740 706 ἄλλος
763 631 956 719 Χρύσιππος
979 636 1109 710 Κνίδιος
1132 638 1238 723 ἰατρὸς
1261 639 1338 723 παρ’

108 738 147 807 οὗ
172 759 269 828 φησιν
285 741 534 828 Ἐρασίστρατος
556 742 602 816 ελς
624 737 665 806 τά
690 738 832 824 μάλιστα
856 737 1065 828 ὠφελῆσθαι·

198 849 252 914 καὶ
286 852 392 932 ἔτερος
426 845 496 922 υἱὸς
529 845 643 913 τούτου
678 845 789 933 ἰατρὸς
818 848 1044 936 Πτολεμαίου,
1079 846 1114 926 ὅς
1149 849 1341 938 διαβληθεὶς

108 955 272 1043 περιήχθη
306 961 361 1019 καὶ
391 954 646 1039 μαστιγούμενος
678 954 863 1041 ἐκολάσθη·
897 956 996 1032 ἄλλος
1030 955 1182 1044 μαθητής
1212 955 1340 1045 Ἐρασι-

109 1062 254 1151 στράτου.

197 1171 286 1236 Ηοου
314 1168 486 1236 sufficiunt.
539 1169 671 1252 Semper
701 1175 734 1234 et
762 1168 815 1234 hic
845 1170 937 1235 deest
965 1170 1157 1252 scriptorum
1185 1175 1341 1240 memoria

107 1299 212 1364 neque
240 1279 369 1344 aliunde
393 1277 543 1344 innotuit.
592 1277 743 1356 Quamvis
770 1296 829 1359 per
858 1278 1045 1359 sequidem
1074 1278 1126 1344 hic
1154 1280 1209 1346 ille
1237 1282 1341 1363 possit

109 1388 293 1470 scripsisse:
311 1391 345 1450 at
360 1404 419 1452 nec
435 1385 556 1450 dictum
572 1390 623 1450 est
637 1386 678 1449 de
693 1385 759 1450 ullo
777 1389 810 1449 et
826 1384 866 1450 de
882 1383 1033 1450 Stratone
1048 1386 1172 1453 medico
1190 1406 1228 1453 eo
1245 1407 1340 1470 quem

108 1495 160 1560 vel
175 1493 369 1560 Aristoteles
392 1487 530 1579 ἀρχαῖον
552 1492 697 1574 adpellat
713 1496 828 1574 sponte
844 1492 1059 1573 redarguitur.
1102 1492 1223 1571 Quodsi
1238 1493 1339 1560 nihilo

110 1601 214 1667 secius
231 1599 478 1667 Scheuerleerus
494 1617 604 1664 omnes
624 1598 698 1664 illos
721 1617 780 1680 pro
805 1603 893 1664 certo
918 1599 1084 1680 sumpsit
1106 1599 1207 1666 libros
1231 1602 1339 1667 nescio

109 1717 190 1790 quos
214 1706 440 1788 composuisse,
465 1724 504 1770 ex
527 1724 627 1787 pravo
650 1703 727 1770 fecit
741 1705 859 1770 iudicio
877 1710 910 1770 et
924 1711 1162 1789 praeoccupata
1177 1709 1338 1790 opinione.

17 1897 21 1900 ,
110 1815 207 1880 Cuius
231 1831 372 1878 errorem
396 1811 489 1877 nobis
511 1830 576 1876 non
599 1812 663 1877 iam
686 1811 763 1876 licet
790 1830 986 1894 propagare,
1017 1812 1135 1894 quippe
1166 1815 1221 1897 qui
1251 1820 1341 1881 certa

109 1920 356 1987 ratiocinatione
380 1919 485 1984 edocti
509 1919 607 1984 simus
631 1923 710 2002 quot
732 1918 833 1983 insint
855 1919 890 1983 in
911 1919 1077 2002 catalogis,
1102 1939 1183 2003 quos
1200 1921 1340 1987 edidisse

111 2030 233 2111 scripta
257 2033 314 2093 aut
335 2028 481 2110 ignotum
505 2027 549 2092 sit
572 2030 629 2091 aut
651 2025 719 2090 veri
743 2025 899 2090 dissimile
922 2026 1041 2109 partim
1070 2032 1182 2109 aperte
1212 2025 1338 2094 falsum.

200 2137 229 2200 2.
267 2133 401 2199 (lumin
425 2133 663 2197 Demetriorum
687 2136 861 2213 conspectu
883 2151 947 2196 non
971 2132 1095 2197 visatur
1111 2133 1246 2216 Magnes
1270 2135 1339 2216 ipse

109 2241 182 2327 περὶ
211 2237 390 2325 ὁμωνύμοιν
419 2240 571 2322 scriptor,
608 2243 640 2302 et
670 2237 918 2304 Scheuerleerus
950 2242 983 2302 et
1006 2238 1216 2306 Nietzscheus
1244 2239 1338 2325 [mus.

110 2347 200 2413 rhen.
225 2347 331 2412 XXIV
361 2346 477 2430 (1869)
504 2366 536 2428 p.
562 2348 612 2409 11.
637 2364 668 2426 p.
694 2343 771 2428 181]
807 2343 946 2409 stabiliri
981 2363 1071 2409 suam
1107 2346 1146 2410 de
1181 2347 1340 2413 indicibus

110 2454 293 2520 Laertianis
322 2454 541 2536 opinationem
571 2452 760 2534 gloriantur.
812 2453 895 2538 ‘Ipse
924 2449 1015 2516 em‘m
1038 2451 1236 2518 Demetrius
1264 2453 1339 2518 lau-
1382 2501 1384 2507 -

109 2563 192 2625 dare
213 2581 248 2626 se
270 2583 338 2626 κου
356 2559 480 2648 μολπά,
505 2561 567 2625 λοι
589 2557 662 2646 apsa
683 2557 830 2624 absence
854 2556 943 2623 r'ntcr
958 2557 1072 2624 ceteras
1088 2560 1339 2646 praefulgens&

111 2668 240 2734 Scilicet
270 2669 382 2733 eodem
410 2669 479 2732 iure
503 2667 623 2732 dixeris
652 2665 774 2730 indices
798 2663 960 2731 confectos
989 2685 1059 2732 esse
1088 2667 1258 2750 aLycone
1283 2666 1340 2732 So·

111 2776 209 2840 cratis
233 2779 420 2840 accusatore
444 2779 501 2839 aut
525 2772 717 2838 Antisthene
741 2772 920 2855 biographo
944 2778 1000 2839 aut
1023 2774 1189 2840 Demetrio
1213 2775 1341 2840 Lacone

111 2884 270 2966 epicureo,
296 2883 350 2965 qui
374 2882 420 2946 ibi
440 2882 552 2947 eadem
577 2880 734 2946 ‘absentia
756 2878 987 2964 praefulgent’.
1029 2879 1091 2964 [cf.
1121 2880 1338 2948 Scheuerleer.

109 3011 140 3073 p.
161 2993 212 3055 61.
239 2989 305 3075 92].

199 3099 228 3161 3.
256 3096 406 3178 Speciosa
421 3115 453 3178 p.
469 3098 507 3158 11
527 3098 773 3176 argumentatur
790 3093 1047 3175 ScheuerleeruS,
1073 3114 1144 3160 cum
1161 3096 1200 3161 de
1217 3095 1341 3161 duobus

110 3204 268 3270 indicibus
303 3203 461 3269 Demetrii
496 3202 723 3266 auctoritatem
755 3201 905 3266 Laertius
940 3206 1139 3283 antestetur,
1174 3203 1340 3270 Demetrio

109 3330 219 3381 omnes
243 3329 315 3376 esse
339 3310 528 3376 reddendos.
576 3309 749 3374 Videamus
773 3308 846 3389 ipsi.

200 3418 217 3484 I
241 3421 260 3482 9
283 3422 395 3501 γέγονε
418 3416 455 3480 δὲ
477 3421 533 3480 καὶ
555 3419 657 3502 ἔτερος
673 3415 834 3490 Πιττακὸς
858 3418 1047 3502 νομοθέτης,
1070 3412 1117 3492 ὥς
1140 3431 1237 3503 φησι
1260 3418 1343 3480 Φα-

109 3531 275 3611 βωρῖνος
297 3524 338 3590 ἐν
361 3521 784 3610 ἀπομνημονευμάτων
806 3521 945 3612 πρώτῳ
967 3525 1034 3588 καὶ
1059 3525 1278 3612 Δημήτριος
1300 3524 1341 3592 ἓν

110 3633 237 3719 ὃμωνά
242 3652 346 3719 μοις·
382 3629 419 3708 dg
447 3632 502 3696 καὶ
527 3629 636 3717 μικρὸς
670 3630 926 3720 προσηγορεύθη.
978 3631 1109 3699 Patebit
1138 3635 1253 3715 peritis
1281 3652 1341 3699 nec

109 3741 192 3824 fugit
218 3741 444 3807 Nietzscheum
474 3740 568 3824 [mus
592 3740 682 3806 rhen.
706 3741 813 3807 XXIV
842 3740 956 3825 (1869)
979 3761 1011 3824 p.
1031 3743 1093 3806 127
1126 3741 1186 3826 sq.]
1218 3760 1274 3806 cur
1301 3759 1341 3806 ex
1391 3769 1392 3772 ¹

109 3850 261 3916 Favorini
273 3849 623 3933 apomnemoneumatis
635 3848 691 3913 ille
704 3848 870 3930 catalogus
881 3849 1069 3930 provenisse
1083 3850 1273 3914 statuendus
1287 3849 1340 3914 sit.

198 3958 215 4022 Ι
238 3958 280 4022 38
304 3955 457 4036 γεγόνασι
481 3956 517 4020 ds
539 3955 594 4020 καλ
611 3955 708 4021 ἄλλοι
723 3956 845 4040 Θαλαῖ,
869 3953 981 4019 καθά
1004 3970 1098 4042 φησι
1122 3954 1341 4042 Δημήτριος

111 4065 128 4130 ὁ
153 4064 326 4152 Μάγνης
349 4064 391 4130 ἐν
412 4072 498 4140 τοῖς
520 4059 758 4149 ὃμονάμοις,
784 4067 894 4130 πέντε·

199 4171 300 4262 ῥήτωρ
329 4163 556 4248 Καλλατιανὸς
578 4170 764 4258 κακόζηλος·

200 4280 367 4368 ζωγράφος
388 4277 561 4357 Σικυώνιος
583 4279 806 4366 μεγαλοφυής·

199 4393 300 4475 τρίτος
316 4383 446 4472 ἀρχαῖος
461 4386 551 4454 πάνυ
567 4385 650 4453 κατὰ
670 4385 825 4454 Ἡσίοδον
839 4389 895 4452 καὶ
902 4383 1050 4474 Ὅμηρον
1064 4384 1120 4450 καὶ
1133 4385 1340 4470 Λυκοῦργον·
