3432 5400
842 740 870 794 d.
889 739 934 794 lte
952 735 1099 792 Honoris

446 864 580 930 Proclus
602 863 685 947 [vita
698 864 843 943 Hesiodi,
866 883 899 944 p.
915 865 957 926 47
982 881 1030 944 sq.
1046 860 1234 944 Hostem]
1257 878 1329 928 cum
1344 862 1385 926 ol)
1401 869 1576 944 temporum

356 973 515 1036 rationem
538 977 692 1052 negasset
714 989 787 1036 cum
808 970 950 1036 Homero
978 969 1196 1034 decertavisse
1217 968 1411 1050 Hesiodum,
1438 971 1488 1034 ita
1513 989 1576 1034 rem

357 1078 547 1160 explanasse
575 1080 637 1144 sibi
664 1078 808 1158 videtur,
836 1083 876 1142 ut
902 1077 1039 1142 alterum
1067 1076 1226 1158 quendam
1249 1076 1425 1142 Homerum
1447 1067 1578 1142 Hesiodi

356 1185 479 1251 iaceret
505 1187 742 1252 adversarium:
770 1182 843 1247 ἀλλ’
871 1186 946 1258 ἴσως
973 1187 1081 1268 ἕτερος
1095 1180 1234 1268 Όμηρος
1261 1178 1302 1266 ἦν
1329 1179 1347 1245 ὁ
1375 1183 1422 1268 τῷ
1444 1176 1577 1268 Ἡσιόδῳ

356 1293 536 1380 ἰσοχρονος,
559 1292 579 1357 ὁ
601 1301 659 1359 τοῦ
682 1295 855 1378 Εὔφρονος
875 1301 955 1365 παῖς
977 1286 997 1354 ὁ
1022 1284 1165 1372 Φωκεύς,
1189 1286 1209 1352 ὁ
1232 1295 1289 1352 καὶ
1310 1289 1411 1374 τούτῳ
1431 1291 1490 1374 τὴν
1513 1287 1578 1374 ἔριν

356 1400 561 1485 στησάμενος,
590 1399 652 1465 κᾶν
679 1403 722 1462 τὰ
747 1399 808 1482 ἔπη
834 1405 891 1464 τοῦ
920 1401 1017 1464 θείου
1046 1395 1169 1462 ἐκείνου
1196 1392 1319 1480 ἀνδρὸς
1343 1399 1382 1484 τῇ
1409 1392 1578 1478 ὁμωνυμίᾳ

355 1507 591 1592 πεπλανημένα
618 1509 724 1586 λέγειν
749 1509 863 1572 wiron
891 1503 1092 1570 ἐπλάσανιο·
1108 1501 1243 1587 Όμηρον
1269 1503 1332 1586 γὰρ
1354 1503 1470 1566 πολλοὶ
1492 1502 1577 1582 raro

357 1629 454 1680 νασιν
480 1619 582 1700 ἕτερον
611 1612 695 1699 Epion
724 1615 779 1678 τοῦ
802 1613 947 1676 παλαιοῦ
971 1611 1029 1695 τήν
1050 1609 1165 1696 κλῆσιν
1186 1609 1419 1695 λαμβάνοντες·
1443 1617 1498 1674 καὶ
1518 1612 1577 1695 γὰρ

356 1727 410 1784 καὶ
432 1723 492 1785 τοῦ
516 1725 652 1796 Φωκέως
672 1716 809 1806 Ὁμήρου
830 1717 943 1784 τούτου
965 1722 1070 1803 ἕτερος
1099 1714 1237 1802 ὑπάρχει
1263 1707 1416 1802 νεώτερος
1427 1715 1577 1804 Όμηρος·

356 1824 453 1903 οὗτος
475 1826 493 1893 ὃ
515 1828 667 1912 νεώτερος
681 1824 821 1911 Ὄμηρος
841 1821 883 1910 ἦν
904 1837 983 1900 παῖς
998 1821 1226 1907 Ἀνδρομάχου
1247 1829 1292 1911 τῷ
1306 1829 1392 1904 γένει
1406 1823 1576 1900 Βυζάντιος

356 1933 455 2018 ὀπήν
477 1931 705 2020 nopotem
726 1931 864 2018 ποιήσας
872 1929 937 2012 ¹⁴⁶).
983 1933 1121 1998 Doctum
1149 1933 1234 1998 hune
1261 1934 1398 1998 indicem
1426 1951 1465 1998 eo
1494 1933 1576 2013 cupi-

356 2044 428 2108 dius
461 2043 562 2107 reddo
597 2042 723 2107 auctori
748 2040 937 2120 luertione,
972 2059 1037 2121 quo
1069 2039 1271 2121 frequentius
1304 2045 1358 2106 cst
1390 2041 1460 2104 eius
1495 2039 1575 2121 apud

356 2151 606 2232 Neoplatonicos
629 2149 785 2215 memoria
807 2148 896 2214 velut
918 2148 1004 2230 apud
1027 2147 1249 2230 Porphyrium.

445 2469 595 2551 Suppleri
617 2475 754 2550 possunt
776 2469 892 2534 multa:
917 2473 954 2533 at
976 2468 1144 2532 exhaurire
1168 2469 1338 2534 materiam
1361 2489 1426 2534 nou
1441 2490 1573 2554 possem,

356 2580 385 2643 si
416 2577 545 2656 vellem3
581 2577 763 2642 adhibenda
791 2577 878 2640 enim
905 2581 993 2640 esset
1025 2577 1163 2656 amplior
1195 2577 1334 2642 eruditio
1368 2597 1464 2659 quam
1497 2597 1575 2644 nuuc

355 2685 515 2768 possideo.
568 2684 689 2762 Quodsi
718 2703 795 2748 vero
825 2683 900 2750 huic
927 2683 1095 2766 scriptioni
1130 2685 1317 2766 eontigerit,
1352 2690 1390 2750 nt
1423 2687 1575 2767 quaedam

355 2793 520 2874 incognita
542 2792 687 2873 scitoque
710 2809 865 2872 perquam
889 2790 987 2871 digna
1003 2791 1042 2854 de
1058 2791 1182 2872 origiue
1197 2793 1371 2858 memoriae
1386 2812 1470 2874 quae
1484 2793 1574 2858 hodic

356 2905 505 2982 superest
526 2899 756 2980 biographicae
778 2903 813 2963 et
827 2899 1062 2980 propagatione
1078 2899 1244 2964 edocuisse
1260 2919 1281 2964 a
1295 2900 1400 2966 doctis
1415 2907 1450 2965 et
1463 2901 1573 2982 peritis

354 3008 469 3072 harum
498 3026 606 3071 rerum
635 3005 910 3072 existimatoribus
935 3005 1113 3087 iudicetur,
1144 3007 1277 3089 egregie
1304 3025 1390 3072 cum-
1405 3026 1447 3076 ea
1473 3014 1573 3074 actum

356 3133 428 3181 esse
452 3113 653 3179 existimabo.
1310 3119 1315 3124 ’

426 3323 476 3393 1⁴⁶)
493 3323 556 3378 Huc
574 3323 665 3378 tendit
682 3324 846 3380 Hustathius
863 3324 893 3378 in
910 3323 988 3379 Iliad.
1006 3323 1094 3394 praef.
1111 3340 1139 3394 p.
1156 3329 1186 3380 4:
1206 3322 1242 3387 ὡς
1259 3327 1289 3380 δὲ
1305 3328 1352 3380 καὶ
1363 3330 1456 3382 nollol
1467 3327 1573 3400 Ὅμηρον

355 3414 401 3468 καὶ
418 3409 480 3468 oiri
498 3413 636 3483 ἱστόρησαν
654 3414 742 3485 ἕτεροι.

424 3502 540 3557 Procius
558 3518 619 3556 cum
631 3503 778 3572 Porphyrii
796 3503 913 3556 historia
930 3501 1095 3571 philosopha
1112 3508 1225 3558 eatenus
1240 3505 1388 3560 concordat
1401 3489 1481 3576 'quod
1499 3513 1572 3562 ante

355 3591 506 3646 Hesiodum
528 3593 676 3648 Homerum
701 3592 863 3646 conlocavit.
904 3594 941 3645 At
964 3592 1135 3661 Porphyrius
1158 3593 1206 3664 [cf.
1226 3595 1301 3649 Suid.
1324 3611 1345 3649 s.
1369 3614 1394 3649 v.
1409 3595 1525 3669 ῑὀμηρος
1546 3603 1572 3650 et

349 3677 484 3751 Ἡσίοδος]
513 3689 620 3736 centum
647 3699 748 3749 annos,
774 3681 890 3735 Proclus
916 3682 1130 3750 quadringentos
1156 3684 1203 3752 [ex
1224 3685 1356 3754 Dionysio
1382 3687 1570 3756 cyolograplm]

353 3771 537 3839 antiquiorem
556 3773 616 3827 vult
633 3773 791 3827 Homerum.
809 3801 843 3812 -—
863 3770 962 3826 Suidas
979 3787 1001 3826 a
1020 3789 1046 3827 r.
1060 3771 1184 3834 Ἡσίοδος
1202 3790 1268 3830 usus
1286 3775 1397 3830 videtur
1413 3776 1571 3845 Porphyrio.
