3420 5408
339 431 384 496 40

338 606 441 672 multa
468 623 527 672 nec
556 605 678 672 absona
706 611 842 688 possunt
870 605 1058 686 coniectari,
1094 605 1183 672 velut
1215 607 1372 690 quomodo
1401 605 1568 688 acciderit,
1654 622 1655 682 y

338 718 375 778 ut
398 713 459 780 VH
484 714 547 778 186
570 718 638 780 tres
660 714 746 780 iuter
770 733 805 780 sc
833 715 995 797 excipiant
1019 713 1191 798 Chrysippi
1212 715 1343 797 medici,
1372 715 1424 782 vel
1445 715 1477 780 II
1502 716 1570 780 104
1655 726 1656 790 1

338 825 493 903 quattuor
512 819 671 887 Theodori
695 819 835 886 artifices
859 821 952 887 umal
976 840 1047 886 cum
1069 822 1252 888 Polemonis
1276 822 1441 889 Menodoti
1465 821 1570 887 Theo·
1656 830 1657 900 t

338 927 455 1011 phanis
477 927 687 994 testimoniis:
713 926 770 994 sed
793 929 939 1012 argutari
962 929 1046 995 nolo.

922 1194 980 1260 111.

430 1353 522 1433 Quod
545 1353 585 1419 de
608 1359 732 1436 septem
755 1355 896 1421 indicum
920 1355 1044 1438 origine
1075 1355 1382 1438 demonstravimus,
1411 1355 1496 1421 idem
1530 1356 1572 1421 ad
1661 1346 1662 1384 λ

341 1466 466 1528 ceteros
489 1458 748 1527 transferendum
773 1467 832 1528 est.
1490 1485 1492 1490 ·
1662 1448 1663 1474 ¹

432 1572 460 1634 1.
485 1569 673 1650 Excipiendi
697 1575 771 1636 sunt
793 1574 830 1635 ut
853 1569 919 1637 dixi
934 1569 1119 1635 Pittacil
1136 1571 1177 1634 79
1201 1573 1311 1649 γιγιιι
1334 1568 1372 1634 οε
1394 1571 1449 1632 και
1468 1572 1574 1655 aspa
1663 1552 1664 1570 ¹

344 1681 382 1741 11.
408 1679 599 1762 νομοθέτης,
628 1673 670 1753 ὥς
703 1696 780 1763 φησι
808 1679 1000 1762 Φαβωρῖνος
1034 1676 1070 1742 ἐν
1104 1671 1448 1762 ἀπομνημονευμάτων
1477 1679 1572 1764 τρίτῳ
1664 1659 1665 1682 λ

341 1782 395 1847 καὶ
424 1780 603 1870 Δημήτριος
628 1781 665 1849 όν
694 1782 889 1868 ὅμωνόμοις,
920 1782 953 1859 ὃς
980 1789 1034 1847 καὶ
1061 1780 1174 1870 μικρός
1199 1779 1460 1868 προσηγορεύθηι
1486 1781 1574 1847 hunc

217 1963 220 1970 ,
342 1892 428 1958 enim
451 1891 630 1974 desumpsit
653 1910 693 1957 ex
715 1892 867 1959 Favorini
891 1892 1138 1972 commentariis,
1164 1888 1198 1956 id
1221 1888 1307 1972 quod
1329 1889 1400 1971 ipsc
1423 1894 1476 1956 sat
1490 1889 1574 1956 dilu·
1667 1966 1668 1978 ¹

343 2000 413 2066 cide
435 1999 496 2064 hoc
518 1999 589 2064 loco
613 1999 789 2066 adnotavit.
837 2000 1070 2082 Transgrediar
1094 2000 1135 2065 ad
1158 1998 1255 2064 aliud.

434 2108 464 2174 2.
488 2105 698 2173 Nietascheus
723 2107 816 2191 [mus.
841 2107 932 2173 rhen.
957 2107 1063 2174 XXIV
1087 2105 1202 2191 [1869]
1226 2125 1257 2187 p.
1278 2104 1371 2190 186],
1395 2105 1513 2170 hocin
1537 2124 1574 2172 re

342 2212 394 2279 vel
411 2211 640 2278 Soheuerleero
661 2214 830 2295 incautior,
855 2215 941 2281 inter
957 2214 1113 2297 genuinos
1128 2212 1391 2295 homonymorum
1408 2213 1575 2295 catalogos

344 2337 400 2386 eos
428 2320 544 2401 recipit
570 2319 672 2399 locos,
708 2317 764 2383 uhi
798 2337 880 2384 unus
916 2337 957 2383 an
987 2319 1097 2400 plures
1124 2319 1223 2386 tuerit
1250 2337 1310 2400 per
1340 2319 1485 2400 aporiam
1509 2320 1575 2386 dis-

344 2431 500 2509 ceptatur.
547 2426 739 2492 Huiusmodi
762 2426 891 2507 aporias
915 2426 994 2492 duas
1019 2427 1212 2510 consignabo
1235 2427 1436 2494 Laertianos.

432 2535 487 2600 De
515 2533 757 2616 Pherecydis
781 2531 909 2613 Syriis
932 2533 1024 2614 110,
1052 2537 1113 2599 119
1128 2531 1312 2621 Ἀνδρωνό
1330 2529 1480 2618 Ἐφέσιός
1496 2551 1577 2620 φησι

344 2638 402 2706 odo
436 2641 606 2719 γεγονέναι
634 2635 817 2725 Φερεκύδας
845 2640 983 2722 Συρίους
1014 2641 1073 2707 τόν
1106 2644 1166 2724 μὲν
1199 2636 1409 2727 ἀστρολόγον,
1444 2638 1504 2706 τόν
1538 2642 1577 2708 dr

343 2744 507 2827 θεολόγον
522 2743 596 2811 υἱὸν
606 2743 750 2827 Βάβυος,
768 2739 792 2832 ᾧ
807 2750 861 2808 καὶ
879 2747 1085 2833 Πυθαγόραν
1100 2744 1271 2829 σχολάσαι·
1293 2745 1577 2834 Ἐρατοσθένης

344 2856 374 2922 δ’
398 2859 458 2922 ἕνα
479 2850 593 2939 μόνον,
617 2858 672 2918 καὶ
696 2855 806 2940 ἕτερον
821 2848 1007 2938 Ἀθηναῖον
1029 2851 1231 2938 γενεαλόγον.

434 2963 489 3027 De
512 2960 751 3027 Periandris
774 2959 791 3025 I
814 2963 843 3040 7,
870 2961 911 3024 98
937 2980 982 3045 sq.
1008 2966 1138 3028 Σωτίων
1162 2961 1197 3026 δὲ
1219 2965 1273 3024 καὶ
1292 2959 1497 3050 Ἡρακλείδης
1520 2967 1576 3026 καὶ

348 3069 506 3155 Παμφίλη
529 3067 566 3134 ἓν
588 3068 634 3156 τῷ
656 3072 792 3156 πέμπτῳ
815 3065 882 3132 τῶν
904 3064 1144 3156 ὑπομνημάτων
1167 3066 1225 3136 odo
1250 3069 1332 3154 φασὶ
1352 3063 1578 3158 Περιάνδρους

344 3179 512 3261 γεγονέναι
547 3175 606 3242 τόν
640 3178 700 3259 μὲν
732 3173 906 3258 τύραννον,
940 3175 997 3242 τόν
1032 3175 1068 3238 δὲ
1102 3173 1207 3262 σοφόν
1236 3181 1291 3240 καὶ
1312 3171 1576 3262 Ἀμβρακιώτην·

345 3285 441 3348 τοῦτο
465 3287 520 3346 καὶ
536 3283 692 3368 Νεάνθης
708 3283 807 3368 φησὶν
831 3279 1044 3370 όΚυζιιιηνός,
1068 3279 1227 3372 ἀνεψιούς
1249 3307 1281 3346 τε
1304 3286 1388 3349 εἶναι
1410 3279 1577 3368 α’λλήλοις,

345 3397 399 3456 καὶ
408 3387 626 3478 Ἀριστοτέλης
649 3393 709 3473 μὲν
731 3393 790 3457 τόν
806 3388 984 3477 Κορίνθιόν
1000 3407 1100 3476 φησιν
1123 3392 1208 3456 εἶναι
1223 3387 1280 3455 τόν
1295 3388 1410 3476 σοφόν,
1436 3390 1578 3457 Πλάτων

347 3497 376 3563 d'
412 3498 449 3562 οὔ
484 3513 590 3582 φησιν.
651 3498 738 3576 Quae
775 3500 814 3564 de
849 3497 1068 3581 Pherecydum
1102 3497 1266 3581 Syriorum
1300 3517 1434 3564 numero
1469 3503 1502 3563 et
1536 3499 1578 3565 de

345 3603 515 3670 Periandri
539 3605 695 3687 sapientis
719 3605 828 3688 patria
845 3606 1067 3688 discreparent
1082 3610 1227 3671 veterum
1245 3605 1436 3685 sententiae,
1462 3604 1577 3671 doctus

347 3713 476 3796 quidam
492 3717 604 3781 auctor
620 3714 743 3780 Laertii
767 3714 826 3780 suh
840 3733 939 3779 unum
955 3715 1143 3796 adspectum
1160 3713 1305 3794 subiecit,
1330 3717 1367 3778 ut
1383 3731 1422 3778 ex
1438 3712 1578 3778 auctori-

347 3821 468 3887 tatibus
492 3839 602 3886 verum
623 3822 859 3887 aestimaretur.
899 3821 948 3886 Ex
971 3841 1033 3904 quo
1058 3826 1129 3887 erat
1152 3822 1238 3903 apud
1254 3820 1395 3888 Graecos
1419 3838 1578 3902 gramma·

346 3929 421 4009 tica,
447 3928 589 3993 studium
612 3929 795 4010 aporiatum
812 3947 976 4010 nunquam
992 3928 1089 3993 desiit
1113 3928 1383 4010 gravissimosque
1406 3928 1579 3995 exercebat

348 4041 504 4102 auctores.
563 4034 797 4101 Eratosthenes
825 4035 970 4117 aporiam
999 4035 1038 4100 de
1067 4033 1261 4118 Pherecydis
1292 4039 1435 4100 coortam
1466 4036 1577 4116 solvit3

348 4212 410 4284 γάρ
430 4207 524 4279 ἦσαν·
544 4204 620 4274 οὗτος
638 4213 690 4284 μέν
708 4218 791 4274 Χῖος
810 4212 901 4283 [codd.
912 4211 1041 4285 Σάμιος],
1061 4211 1132 4274 ὅστις
1151 4214 1197 4267 καὶ
1210 4217 1290 4284 ἔργον
1309 4211 1503 4282 ἀοιόιμάτατον
1520 4211 1580 4270 ἀνέ-

347 4309 430 4367 θηκεν
453 4306 482 4356 ἐν
505 4306 625 4373 Δελφοῖς,
652 4299 688 4362 ὥς
708 4299 851 4374 Ἡρόδοτος
870 4300 896 4372 [Ι
916 4303 973 4374 25],
998 4300 1061 4358 ὅδὲ
1087 4305 1171 4375 ἕτερος
1190 4301 1338 4377 Λήμνιος
1356 4301 1579 4374 ἀνδριαντοποιὸς

349 4389 487 4464 διάσημος.
