3432 5400
1303 472 1362 533 121

133 645 284 710 historia.
334 643 428 709 Tales
458 645 622 727 catalogos
646 645 684 712 D.
709 644 929 711 Volkmannus
956 665 987 727 p.
1009 648 1047 708 17
1077 664 1145 727 sqq.
1179 648 1367 729 cognovisse

135 753 199 817 sibi
227 753 317 818 videt
318 772 371 831 ur;
408 751 481 816 hinc
512 753 658 817 residuas
687 752 773 835 apud
796 751 991 834 Hesychium
1020 771 1090 818 esse
1114 754 1270 834 quasdam
1294 773 1368 819 con-

135 859 294 940 iungendi
330 858 501 939 formulas,
541 859 630 925 velut
665 859 692 923 si
728 859 807 923 dicit
793 863 846 923 tur
879 857 935 921 καὶ
971 853 1146 938 αιἰτός“”),
1188 857 1369 946 λτιρος””),

136 963 751 1050 vad1s003¹³⁰ysimilia¹³¹yCuius
785 967 966 1047 argumenti
1001 967 1064 1031 vim
1098 986 1162 1031 uon
1197 968 1367 1049 perspicio.

135 1075 225 1139 Illud
249 1074 304 1137 καὶ
330 1070 425 1146 αὐτός
449 1075 524 1156 quin
550 1074 601 1139 vel
625 1074 740 1139 Suidas
764 1075 803 1139 de
828 1093 885 1138 suo
910 1073 1073 1139 addidisse
1097 1075 1274 1140 censendus
1298 1078 1368 1141 est?

136 1181 223 1260 Quid
239 1181 346 1245 euim?
370 1181 419 1245 An
436 1199 462 1245 e.
482 1199 511 1262 g.
525 1181 687 1246 Eudooiae
699 1181 830 1246 indiculi
843 1201 882 1246 ex
895 1181 988 1247 docto
1000 1201 1178 1263 provenere
1192 1187 1225 1246 et
1237 1184 1369 1266 antiquo

136 1288 215 1376 περὶ
255 1284 432 1372 ὁμωνύμων
471 1291 590 1371 opere?
646 1288 689 1354 At
721 1289 864 1354 Eudocia
902 1307 974 1353 cum
1012 1290 1176 1371 propriam
1211 1290 1369 1356 rationem

136 1398 171 1460 iu
198 1395 385 1460 adornando
410 1415 508 1478 opere
533 1401 686 1478 sequatur
710 1396 921 1478 observetque
951 1402 985 1461 et
1014 1397 1197 1462 litterarum
1226 1398 1369 1463 ordinem

137 1509 172 1568 et
205 1504 291 1566 intra
315 1501 458 1583 singulas
490 1501 618 1567 litteras
645 1505 801 1569 materiae
831 1503 1076 1586 aequalitatem,
1106 1524 1169 1569 nou
1198 1525 1308 1571 omnes
1337 1506 1370 1570 iu

138 1630 238 1675 unum
272 1610 377 1675 locum
412 1615 581 1676 coacervat
614 1610 838 1694 homonymos,
875 1613 932 1677 sed
960 1613 1117 1694 disiungit
1150 1613 1369 1695 philosophos,

136 1718 323 1797 historicos,
347 1723 473 1799 poetas,
496 1717 654 1799 rhetores,
680 1725 713 1785 et
735 1720 862 1801 singula
878 1720 1041 1801 componit
1056 1739 1184 1801 genera.
1218 1720 1371 1784 Conferas

137 1825 237 1890 velim
272 1843 336 1906 qua
370 1825 495 1890 ratione
524 1827 679 1908 Didymos
707 1827 781 1892 illos
809 1844 936 1891 sex-
965 1845 1046 1908 quos
1075 1831 1108 1891 et
1094 1826 1251 1891 tSuidas
1286 1827 1370 1891 unde

138 1932 263 2014 pendet
290 1931 495 1996 Eudociat
462 1937 495 1996 et
523 1933 702 2015 Hesychius
733 1935 1002 1999 coniunxerant—
1004 1933 1207 2016 proterat.
1184 1933 1371 1998 tTribus

136 2040 221 2106 locis
244 2048 403 2107 memorat
426 2041 583 2122 singulos:
610 2060 640 2122 p.
663 2042 724 2105 133
751 2048 791 2107 A.
816 2044 960 2126 τέτταρες
976 2041 1125 2120 ἐγένοντο
1141 2046 1366 2126 γραμματικοί,

139 2167 171 2228 p.
189 2147 252 2210 135
265 2147 502 2230 philosophum,
520 2167 550 2229 p.
567 2149 690 2213 marei
707 2149 847 2213 rusticae
864 2149 1053 2231 scriptorem
1066 2149 1227 2214 tractavit.
1263 2148 1369 2229 Ipsius

139 2260 194 2319 est
217 2255 397 2336 inventum,
423 2255 508 2337 quod
530 2256 652 2337 primos
676 2261 840 2338 quattuor,
863 2260 901 2321 ut
924 2257 1072 2321 adsolent
1096 2256 1167 2340 περὶ
1190 2253 1371 2337 ὁμωνύμοιν

140 2361 334 2442 scriptores,
374 2362 460 2427 inter
495 2381 529 2426 se
566 2363 736 2445 copulavit.
793 2363 881 2427 Idem
917 2364 957 2428 de
992 2363 1185 2446 Sibyllarum
1223 2363 1370 2444 catalogo

140 2468 305 2533 Eudooiae
318 2469 351 2532 in
362 2469 590 2536 dissertatione
608 2472 657 2536 ‘de
671 2470 864 2553 Sibyllarum
879 2470 1047 2536 iudicibus’
1065 2471 1192 2536 ostendi
1208 2491 1239 2552 p.
1254 2471 1295 2533 55
1306 2466 1369 2552 132).

217 2624 269 2696 128)
288 2643 308 2682 s,
329 2645 354 2680 v.
370 2627 550 2700 Ἀστυδάμας,
569 2629 766 2700 Διομενειανός,
785 2628 935 2692 Διονύσιος,
954 2630 1100 2699 Διόδωρος,
1115 2629 1264 2698 Ἐπίνικος,
1279 2627 1370 2682 ιλππο-

139 2714 245 2786 κράτης,
265 2717 448 2780 Μελάνιππος,
468 2724 614 2785 Μουσαῖος,
639 2717 797 2789 Νικόμαχος,
813 2717 932 2788 'amyota
951 2721 1096 2789 Ιλίνδαρος,
1111 2720 1238 2789 Πρόκλος,
1257 2717 1371 2790 Σαπφώ,

143 2806 286 2876 Τιμοκλῆς,
308 2809 471 2878 Τιμοκρέων,
493 2812 595 2878 Τίμων,
617 2811 779 2877 Τυραννίων,
800 2807 938 2878 ψιλημων,
959 2811 1132 2875 Φιλιππίδης.

216 2893 267 2962 ¹²⁹)
285 2910 304 2950 s.
326 2912 351 2948 v.
367 2897 530 2968 Ἀντίμαχος,
553 2902 640 2956 [λίνος.

217 2982 507 3054 130)ε.ν.Σωρανδς,
527 2989 678 3047 Παναίτιος,
698 2984 837 3054 Μαρσύας,
858 2983 977 3056 Κάδμος,
991 2983 1117 3055 Ειηορος,
1134 2982 1244 3054 Ἀχαιός.

217 3072 306 3142 ¹3¹)s.
327 3089 351 3126 v
370 3077 496 3146 Δίδυμος,
515 3074 672 3143 Εὐριπίδης,
693 3075 843 3140 Θεοδέκτης,
862 3078 1045 3146 Καλλίμαχος,
1061 3072 1189 3144 Κόριννα,
1210 3075 1371 3144 Σιμωνίδης,

142 3163 291 3231 Σοιχοκλης,
311 3161 462 3234 Θερεκδδης.

219 3250 269 3320 ¹³²)
287 3251 379 3305 Pauca
397 3252 430 3305 de
450 3251 579 3304 Tzetaa
596 3267 707 3304 mouere
726 3252 823 3320 placet.
861 3253 890 3306 Is
909 3261 992 3306 suta
1012 3250 1096 3305 Suida
1117 3251 1224 3304 furatur
1243 3251 1373 3320 homony-

142 3357 203 3394 mos
223 3339 311 3410 [velut
329 3340 567 3408 Hippocrates
585 3339 700 3395 ci.Chil.
715 3341 844 3412 v11975]
863 3348 912 3398 aut
924 3342 982 3410 ipse
996 3340 1114 3395 coniecit
1133 3341 1169 3395 ib.
1184 3343 1247 3397 204:
1267 3342 1372 3396 Λυκί-

144 3451 269 3500 ιμρονες
288 3432 417 3501 γεγόνασι
435 3429 564 3500 διάηοροι
581 3431 626 3497 τὴν
644 3433 747 3497 κλῆσιν·
761 3431 912 3502 ,λυκόηρων
931 3436 996 3490 παῖς
1014 3431 1058 3483 rori
1077 3430 1225 3501 Μάστορος,
1245 3427 1372 3503 ὡς”θμη-

143 3517 192 3589 ρός
210 3539 262 3572 που
274 3518 374 3589 μράητι
393 3522 440 3572 καί
459 3520 539 3588 έτεροι
558 3520 727 3588 Λυκόρρονες
749 3523 830 3590 σοφοί
848 3523 894 3572 καί
912 3521 962 3572 τῶν
982 3519 1102 3587 άσόιμων.
1133 3518 1209 3572 Duos
1227 3518 1373 3574 Catones

144 3609 218 3663 idem
247 3608 332 3662 habet
358 3608 414 3679 [70]
442 3609 565 3676 duosque
593 3608 763 3676 Megaeles
793 3609 846 3678 [5];
877 3609 946 3662 duas
973 3608 1159 3661 Atalantes
1189 3605 1212 3675 [ἡ
1240 3609 1292 3678 μὲν
1315 3609 1372 3677 Ἀρ-

143 3698 195 3757 κὰς
220 3700 265 3749 καί
284 3697 398 3768 κυνηγὸς
422 3695 436 3761 ἢ
460 3697 486 3749 δ’
506 3691 538 3762 ἦν
556 3695 726 3767 παλαιστριιιη
744 3696 817 3766 453].
854 3698 1000 3752 Atalantae
1024 3698 1093 3751 duae
1118 3701 1265 3750 occurrunt
1291 3697 1372 3750 etiam

144 3788 174 3841 in
193 3787 278 3840 schol.
297 3786 387 3854 Apoll.
406 3787 496 3841 Rhod.
516 3787 541 3840 A
560 3788 612 3841 769
633 3790 654 3841 1.
693 3787 746 3840 Iasi
765 3785 829 3841 filia.
854 3790 925 3857 ἑτέρα
943 3785 998 3858 γάρ
1017 3792 1086 3840 ἐστιν
1105 3783 1119 3851 ἦ
1135 3788 1240 3856 Ἀρμεία
1260 3783 1274 3850 ἡ
1293 3793 1372 3856 Σχοι-

144 3881 220 3938 νέως,
238 3872 271 3941 ἠν
291 3881 388 3948 ἔγημεν
402 3873 596 3946 ‘inmederi
616 3905 649 3914 —
669 3873 745 3929 Idem
764 3875 837 3928 cadit
857 3875 885 3928 iu
904 3875 1159 3929 Timarcborum
1178 3874 1301 3928 iudicem.
1332 3874 1372 3927 Gi.

145 3965 231 4020 schol
249 3964 379 4019 Aeschin.
401 3967 449 4020 157
470 3963 665 4035 Τιμαρχώδεις]
688 3966 759 4017 τοῦτο
780 3969 929 4035 Παρμένων
953 3962 967 4017 ὃ
990 3964 1109 4036 κωμικὸς
1130 3967 1252 4029 ἔσκωψεν
1270 3968 1308 4023 είς
1329 3969 1372 4016 Τί·

145 4076 253 4127 μαρχον
280 4073 368 4108 τουτον
395 4054 441 4108 τὸν
469 4053 576 4123 ρητορα·
605 4049 637 4118 ἦν
664 4055 692 4106 δέ
717 4056 763 4106 καί
786 4054 872 4123 ἕτερος
897 4060 1034 4125 Τίμαρχος
1054 4057 1159 4106 Τεισίου
1176 4071 1226 4122 μεν
1246 4052 1303 4111 υίὸς
1329 4071 1373 4105 του

139 4143 326 4215 Ῥαμνουσίου,
347 4140 513 4212 ’λη-ικράτους
535 4142 695 4212 ἀδελριδους
718 4145 763 4198 τοῦ
785 4163 936 4215 στρατηγου.
973 4143 1077 4210 Nempe
1101 4159 1135 4196 ex
1153 4141 1321 4195 Aeschine'
1314 4158 1373 4209 ipso

145 4232 240 4288 hausit
259 4231 417 4285 scholiasta.
441 4233 545 4332 πρῶτον
569 4234 621 4303 μέν
644 4233 689 4286 τὸν
713 4235 875 4303 ἀδελριδονν
895 4234 941 4286 τὸν
955 4233 985 4286 1
979 4251 1122 4302 μικρατους
1142 4231 1200 4284 υίδν
1219 4232 1249 4283 δέ
1270 4236 1374 4285 Τεισίου

145 4323 191 4376 τοῦ
205 4318 427 4392 ΗΡαμνουσίου,
415 4319 563 4393 ομώνυμον
585 4323 614 4375 δέ
635 4323 680 4376 τοῦ
703 4325 762 4376 νυνί
785 4327 945 4394 κρινομένου
965 4319 1103 4392 Τιμάρχου
1120 4324 1172 4374 κτλ.
1191 4349 1226 4358 -
1245 4319 1373 4373 Ceterum

147 4419 179 4466 ut
207 4412 430 4480 homonymorum
458 4411 606 4465 latinorum
633 4411 755 4466 adieram
783 4411 948 4475 indiculum,
978 4408 1072 4464 Aelius
1097 4409 1223 4463 Donatus
1250 4409 1374 4463 Terentii
