3420 5408
345 471 389 536 44

345 647 382 714 ἓν
404 646 461 734 γῆς
481 644 632 734 περιόδῳ,
656 643 699 722 ὥς
722 648 771 732 εἴη
790 644 1025 731 παραγγέλλων
1047 641 1102 710 ἀεὶ
1124 648 1251 728 συνεχὲς
1274 658 1373 715 κινείν
1394 649 1438 714 τά
1459 646 1576 736 ἄρθρα
1688 745 1689 748 ¹

344 753 433 844 πάση
451 759 615 839 γυμνασίᾳ
637 749 724 818 ἀλλά
747 758 802 818 καὶ
824 754 882 828 τάς
903 750 1077 837 αἰσθήσεις
1099 748 1231 837 ὅμοίως·

433 860 451 927 ὃ
475 862 505 926 δ’
528 857 628 936 αύτύς
650 860 892 947 [Apollodorus]
917 871 996 947 φησι
1017 859 1075 927 τὸν
1099 862 1233 928 Κνίδιον
1256 860 1404 942 Εὔδοξον
1425 859 1578 948 ἀκμάσαι

344 967 427 1034 κατὰ
449 970 507 1055 τὴν
529 973 636 1054 τρίτην
657 968 713 1032 καὶ
735 965 911 1054 ἑκατοστὴν
925 964 1136 1052 Ὀλυμπιάδα
1157 967 1260 1055 eductu
1287 994 1322 1036 τε
1350 971 1405 1036 καλ
1431 969 1471 1036 τὰ
1499 971 1578 1058 περὶ

344 1076 402 1153 τάς
423 1073 596 1160 καμπύλας
618 1065 797 1162 γραμμάς.’

434 1183 501 1249 Nec
524 1182 700 1248 veracitate
724 1182 847 1248 Laertii
877 1187 1004 1248 tantum
1030 1182 1168 1266 confido,
1198 1189 1236 1251 ut
1266 1185 1395 1250 credam
1422 1190 1577 1269 quartum

345 1292 386 1358 ab
414 1293 485 1373 ipso
514 1290 659 1356 additum
690 1307 761 1355 esse
784 1289 951 1356 Eudoxum
979 1289 1163 1358 adfirmanti
1186 1293 1444 1376 quandoquidem
1468 1294 1578 1359 aliena

345 1399 432 1481 sapit
447 1397 594 1464 doctrina
610 1397 778 1479 alienoque
801 1398 924 1464 iudicat
946 1396 1129 1481 iudicio⁴⁸),
1153 1419 1257 1483 neque
1281 1401 1347 1466 alia
1368 1401 1437 1466 veri
1459 1406 1577 1484 patent

345 1508 446 1589 sigua.
487 1506 541 1571 ‘At
555 1505 618 1570 nisi
634 1505 732 1570 trium
747 1505 957 1571 Eudoxorum
970 1505 1172 1588 catalogum,
1189 1506 1324 1589 inquies
1348 1508 1428 1590 ‘ipse
1445 1510 1576 1575 auxisse
1688 1509 1689 1570 ἲ

344 1614 512 1697 putabitur
539 1613 703 1693 Laertius,
733 1613 892 1695 quomodo
922 1613 1037 1678 mirum
1064 1613 1146 1678 illud
1173 1619 1284 1680 natum
1313 1620 1377 1697 est,
1412 1617 1498 1698 quod
1533 1617 1576 1682 ad

345 1723 575 1805 Apollodorum
605 1720 883 1803 chronographum
912 1725 1024 1803 aperte
1054 1721 1231 1803 respiciunt
1256 1722 1355 1788 verba
1380 1719 1398 1787 d
1422 1722 1454 1787 d’
1477 1717 1578 1798 οὗτός

345 1831 462 1918 paura?
507 1829 621 1895 Nonne
644 1829 745 1893 totius
768 1827 884 1893 indicis
907 1826 1064 1910 originem
1086 1827 1167 1892 haec
1190 1829 1341 1910 exprimit
1363 1827 1489 1894 tabula:

433 1939 519 2004 Fons
542 1937 580 2003 Α.
606 1937 685 2002 Tres
707 1935 833 2000 Eudoxi
857 1934 942 2019 [cum
965 1934 1204 2017 Apollodori
1227 1933 1437 2020 testimonio}

433 2047 519 2112 Fons
541 2045 579 2111 Β.
604 2044 743 2123 Quartus
766 2042 927 2108 Eudoxus,

433 2154 518 2219 Fons
542 2153 578 2219 u
604 2149 622 2217 ὃ
645 2151 674 2216 δ
700 2145 797 2225 αὐτός
819 2171 917 2236 φησιν
940 2150 1023 2235 [scil.
1047 2149 1339 2234 Apollodorus}

435 2261 587 2343 Speciosa
620 2278 673 2325 res
708 2277 901 2342 quamquam
935 2259 968 2323 in
1003 2258 1213 2341 compilatore
1248 2257 1479 2340 improbabilis,
1536 2259 1576 2324 ld

345 2369 431 2452 quod
457 2388 521 2434 non
545 2366 767 2434 ratiocinando
791 2365 849 2430 sed
876 2384 912 2430 re
935 2365 1008 2447 ipsa
1031 2363 1249 2432 confirmatur,
1295 2365 1451 2448 Exempla
1473 2365 1575 2448 igitur

346 2480 421 2541 sunt
442 2474 684 2557 perlustranda:
701 2473 774 2538 179
791 2477 901 2556 γέγονε
917 2471 954 2536 δὲ
976 2472 1031 2536 καλ
1051 2475 1155 2559 ἕτερος
1169 2469 1367 2549 Πιττακὸς
1382 2477 1574 2560 νομοθέτης,

346 2580 387 2658 ὥς
416 2599 493 2668 φησι
522 2585 751 2668 Φαβωρῖνος
778 2579 815 2646 ἐν
842 2576 1185 2666 ἀπομνημονευμάτων
1212 2582 1246 2643 α’
1270 2579 1324 2643 καὶ
1351 2577 1577 2667 Δημήτριος

346 2689 382 2757 ἓν
410 2687 604 2773 ὁμωνύμως·
635 2689 653 2753 ὃ
660 2710 676 2764 ς
699 2688 780 2773 [scil.
804 2688 950 2753 Pittacus
974 2687 1071 2772 alter]
1099 2693 1155 2751 καὶ
1176 2684 1287 2772 μικρὸς
1312 2686 1570 2774 προσηγορεύθη.

345 2799 394 2864 ΙΠ
416 2799 459 2863 40
482 2796 536 2860 καὶ
558 2793 705 2862 ἐτελεύτα
729 2792 894 2880 [Πλάτων]
917 2797 978 2878 μὲν
999 2793 1039 2861 δν
1062 2797 1197 2879 εἴπομεν
1224 2790 1350 2881 τρόπον
1374 2796 1574 2862 Φιλίππου

345 2904 572 2988 βασιλεύοντος
594 2902 663 2980 ἔτος
686 2904 954 2991 τριςκαιδέκατον,
987 2900 1081 2967 καθὰ
1104 2902 1158 2966 καὶ
1182 2902 1414 2990 Φαβωρῖνός
1437 2918 1514 2990 φησι
1538 2903 1575 2970 ἓν

345 3009 685 3098 ἀπομνημονευμάτων
721 3009 763 3092 γ’,
795 3010 856 3098 ἀφ’
890 3006 934 3077 οὗ
969 3011 1025 3075 καὶ
1063 3010 1299 3100 ἐπιτιμηθῆναί
1336 3025 1437 3097 φησιν
1476 3007 1575 3078 αύτύν

297 3115 300 3122 ’
347 3117 545 3204 Θεόπομπος
567 3119 648 3204 [soil.
674 3138 693 3186 a
715 3119 876 3202 Philippo,
900 3139 964 3186 non
989 3138 1008 3184 a
1030 3119 1204 3204 Favorino]
1229 3124 1288 3185 etc.

928 3316 982 3382 IV.

436 3461 634 3545 Componere
656 3462 765 3544 placet
788 3479 870 3544 quae
894 3479 934 3526 ex
955 3459 1035 3542 ipsis
1064 3460 1328 3543 homonymorum
1352 3461 1509 3544 catalogis
1532 3463 1575 3528 ad

347 3575 469 3637 certum
492 3570 746 3652 recuperandum
768 3573 932 3634 auctorem
956 3572 1130 3674 suppetant
1153 3567 1315 3633 indicia.

435 3697 463 3743 a.
488 3677 563 3742 Dixi
585 3697 661 3743 non
683 3675 895 3742 litteratos
918 3678 1072 3741 tantum
1094 3675 1239 3741 homines
1263 3676 1434 3743 recenseri.

434 3785 464 3849 b.
492 3785 626 3850 ‘Indices
655 3803 694 3849 ex
717 3783 937 3867 copiosissimo
962 3783 1100 3866 quodam
1128 3783 1343 3866 biographo
1366 3803 1442 3850 non
1465 3786 1574 3851 modo

346 3891 672 3974 philosophorum
707 3891 764 3956 sed
801 3891 898 3956 etiam
933 3896 1113 3957 ceterorum
1151 3895 1310 3975 quotquot
1345 3898 1574 3962 enumerantur

346 4009 558 4020 ——-.—---

417 4068 455 4139 43)
473 4069 557 4124 Velut
576 4068 648 4137 quod
668 4067 736 4122 dicit
754 4068 796 4122 III
815 4071 849 4125 48
869 4070 943 4124 δοκεῖ
966 4071 995 4123 δὲ
1013 4089 1063 4140 μοι
1079 4067 1193 4124 Πλάτων
1212 4067 1363 4140 ἀκριβώσας
1381 4068 1410 4124 τύ
1433 4071 1506 4132 είδος
1527 4074 1575 4127 καί

347 4160 378 4214 τά
397 4165 513 4230 πρωτεῖα
533 4159 646 4220 δικαίως
665 4153 701 4211 ἂν
719 4155 809 4230 ὥσπερ
827 4157 874 4212 τού
892 4157 1004 4220 κάλλους
1023 4155 1091 4213 ούτω
1110 4158 1156 4212 καί
1178 4160 1222 4225 τῆς
1245 4156 1370 4231 εύρέσεοις
1387 4160 1575 4232 ἀποφέρεσθαι

348 4254 504 4318 comparata
515 4246 664 4317 Porphyrii
677 4247 734 4302 vita
748 4247 794 4318 [of.
806 4265 833 4318 p.
846 4251 889 4304 73.
902 4249 947 4320 77]
962 4248 997 4303 ad
1007 4247 1113 4304 Laertii
1124 4254 1266 4304 auctorem
1278 4250 1415 4305 revocavi.
1438 4249 1478 4304 cf.
1491 4251 1574 4306 etiam

346 4355 373 4408 p.
393 4341 427 4396 73
449 4339 495 4408 [de
521 4337 723 4407 epigrammatis
746 4337 893 4394 aLaertio
916 4337 945 4392 in
963 4337 1106 4394 Platonem
1131 4337 1224 4411 laetis]
1248 4344 1275 4394 et
1296 4356 1323 4408 p.
1342 4342 1376 4396 47
1398 4340 1445 4409 [de
1463 4340 1575 4396 iudiciis

347 4442 418 4496 quae
436 4426 529 4482 insunt
547 4427 575 4482 in
593 4427 730 4484 indicibus
748 4427 992 4499 homonymorum}
