<?xml version="1.0" encoding="UTF-8"?>
<!DOCTYPE html PUBLIC "-//W3C//DTD XHTML 1.0 Transitional//EN"
    "http://www.w3.org/TR/xhtml1/DTD/xhtml1-transitional.dtd">
<html xmlns="http://www.w3.org/1999/xhtml" xml:lang="en" lang="en">
 <head>
  <title>
</title>
<meta http-equiv="Content-Type" content="text/html;charset=utf-8" />
  <meta name='ocr-system' content='tesseract 3.04.00' />
  <meta name='ocr-capabilities' content='ocr_page ocr_carea ocr_par ocr_line ocrx_word'/>
</head>
<body>
  <div class='ocr_page' id='page_1' title='image "./debiographisgra01maasgoog_0144.png"; bbox 0 0 3432 5400; ppageno 0'>
   <div class='ocr_carea' id='block_1_1' title="bbox 1323 495 1386 560">
    <p class='ocr_par' dir='ltr' id='par_1_1' title="bbox 1323 495 1386 560">
     <span class='ocr_line' id='line_1_1' title="bbox 1323 495 1386 560; baseline 0.048 -3"><span class='ocrx_word' id='word_1_1' title='bbox 1323 495 1386 560; x_wconf 84' lang='grc'><strong><em>139</em></strong></span> 
     </span>
    </p>
   </div>
   <div class='ocr_carea' id='block_1_2' title="bbox 162 667 1386 860">
    <p class='ocr_par' dir='ltr' id='par_1_2' title="bbox 162 667 1386 860">
     <span class='ocr_line' id='line_1_2' title="bbox 163 667 1386 754; baseline 0.004 -21"><span class='ocrx_word' id='word_1_2' title='bbox 163 668 316 751; x_wconf 88' lang='lat' dir='ltr'><strong>mippus</strong></span> <span class='ocrx_word' id='word_1_3' title='bbox 344 667 533 751; x_wconf 78' lang='lat' dir='ltr'><strong>producitur</strong></span> <span class='ocrx_word' id='word_1_4' title='bbox 560 668 654 733; x_wconf 88' lang='lat' dir='ltr'><strong>testis</strong></span> <span class='ocrx_word' id='word_1_5' title='bbox 683 671 716 733; x_wconf 87' lang='lat' dir='ltr'><strong><em>et</em></strong></span> <span class='ocrx_word' id='word_1_6' title='bbox 744 673 920 751; x_wconf 81' lang='lat' dir='ltr'><strong>usurpatur</strong></span> <span class='ocrx_word' id='word_1_7' title='bbox 943 669 1050 736; x_wconf 89' lang='lat' dir='ltr'><strong>Sotio</strong></span> <span class='ocrx_word' id='word_1_8' title='bbox 1082 668 1134 754; x_wconf 88' lang='lat' dir='ltr'><strong>[ci.</strong></span> <span class='ocrx_word' id='word_1_9' title='bbox 1160 670 1386 754; x_wconf 85' lang='lat' dir='ltr'><strong>Gomperzium</strong></span> 
     </span>
     <span class='ocr_line' id='line_1_3' title="bbox 162 773 825 860; baseline -0.003 -17"><span class='ocrx_word' id='word_1_10' title='bbox 162 776 232 844; x_wconf 82' lang='lat' dir='ltr'><strong>Jeu.</strong></span> <span class='ocrx_word' id='word_1_11' title='bbox 258 775 554 858; x_wconf 81' lang='lat' dir='ltr'><strong>litteraturzeitung</strong></span> <span class='ocrx_word' id='word_1_12' title='bbox 579 775 663 841; x_wconf 82' lang='lat'>18⁷5</span> <span class='ocrx_word' id='word_1_13' title='bbox 687 795 718 858; x_wconf 90' lang='lat' dir='ltr'><strong><em>p.</em></strong></span> <span class='ocrx_word' id='word_1_14' title='bbox 738 773 825 860; x_wconf 69' lang='lat'><strong>665}</strong></span> 
     </span>
    </p>
   </div>
   <div class='ocr_carea' id='block_1_3' title="bbox 391 1057 1161 1238">
    <p class='ocr_par' dir='ltr' id='par_1_3' title="bbox 391 1057 1161 1238">
     <span class='ocr_line' id='line_1_4' title="bbox 391 1057 1161 1145; baseline 0.003 -19"><span class='ocrx_word' id='word_1_15' title='bbox 391 1070 443 1126; x_wconf 82' lang='lat' dir='ltr'><strong><em>IV.</em></strong></span> <span class='ocrx_word' id='word_1_16' title='bbox 472 1059 556 1145; x_wconf 79' lang='grc' dir='ltr'><strong><em>Περὶ</em></strong></span> <span class='ocrx_word' id='word_1_17' title='bbox 579 1057 759 1145; x_wconf 80' lang='grc' dir='ltr'>ὁμωνύμων</span> <span class='ocrx_word' id='word_1_18' title='bbox 781 1067 956 1136; x_wconf 78' lang='lat' dir='ltr'><strong>fragmento</strong></span> <span class='ocrx_word' id='word_1_19' title='bbox 974 1083 1013 1126; x_wconf 87' lang='lat' dir='ltr'><strong><em>ex</em></strong></span> <span class='ocrx_word' id='word_1_20' title='bbox 1032 1069 1161 1128; x_wconf 77' lang='lat' dir='ltr'><strong>scholiis</strong></span> 
     </span>
     <span class='ocr_line' id='line_1_5' title="bbox 570 1165 976 1238; baseline 0.007 -17"><span class='ocrx_word' id='word_1_21' title='bbox 570 1165 805 1238; x_wconf 75' lang='lat' dir='ltr'><strong>Aristophauels</strong></span> <span class='ocrx_word' id='word_1_22' title='bbox 825 1166 976 1224; x_wconf 79' lang='lat' dir='ltr'><strong>oouloota.</strong></span> 
     </span>
    </p>
   </div>
   <div class='ocr_carea' id='block_1_4' title="bbox 160 1309 1387 4295">
    <p class='ocr_par' dir='ltr' id='par_1_4' title="bbox 160 1309 1387 1609">
     <span class='ocr_line' id='line_1_6' title="bbox 253 1309 1387 1396; baseline 0.004 -20"><span class='ocrx_word' id='word_1_23' title='bbox 253 1311 328 1376; x_wconf 82' lang='lat' dir='ltr'><strong>Dixi</strong></span> <span class='ocrx_word' id='word_1_24' title='bbox 355 1331 387 1394; x_wconf 89' lang='lat' dir='ltr'><strong><em>p.</em></strong></span> <span class='ocrx_word' id='word_1_25' title='bbox 416 1311 479 1376; x_wconf 83' lang='lat'><strong><em>128</em></strong></span> <span class='ocrx_word' id='word_1_26' title='bbox 508 1328 555 1393; x_wconf 90' lang='lat' dir='ltr'><strong><em>sq.</em></strong></span> <span class='ocrx_word' id='word_1_27' title='bbox 587 1311 628 1376; x_wconf 83' lang='lat' dir='ltr'><strong><em>(le</em></strong></span> <span class='ocrx_word' id='word_1_28' title='bbox 657 1309 814 1392; x_wconf 82' lang='lat' dir='ltr'><strong>catalogis</strong></span> <span class='ocrx_word' id='word_1_29' title='bbox 843 1309 1105 1394; x_wconf 82' lang='lat' dir='ltr'><strong>homonymorum</strong></span> <span class='ocrx_word' id='word_1_30' title='bbox 1134 1314 1189 1396; x_wconf 91' lang='lat' dir='ltr'><strong><em>qui</em></strong></span> <span class='ocrx_word' id='word_1_31' title='bbox 1217 1314 1328 1380; x_wconf 87' lang='lat' dir='ltr'><strong>insunt</strong></span> <span class='ocrx_word' id='word_1_32' title='bbox 1353 1315 1387 1380; x_wconf 90' lang='lat' dir='ltr'><strong><em>in</em></strong></span> 
     </span>
     <span class='ocr_line' id='line_1_7' title="bbox 161 1414 1387 1501; baseline 0.003 -17"><span class='ocrx_word' id='word_1_33' title='bbox 161 1418 293 1485; x_wconf 87' lang='lat' dir='ltr'><strong>scholiis</strong></span> <span class='ocrx_word' id='word_1_34' title='bbox 340 1414 662 1501; x_wconf 82' lang='lat' dir='ltr'><strong>Aristophaueis¹.⁵⁰).</strong></span> <span class='ocrx_word' id='word_1_35' title='bbox 725 1417 872 1500; x_wconf 88' lang='lat' dir='ltr'><strong>Ipsorum</strong></span> <span class='ocrx_word' id='word_1_36' title='bbox 918 1437 1002 1486; x_wconf 90' lang='lat' dir='ltr'><strong>nuno</strong></span> <span class='ocrx_word' id='word_1_37' title='bbox 1047 1419 1202 1487; x_wconf 81' lang='lat' dir='ltr'><strong>subiciam</strong></span> <span class='ocrx_word' id='word_1_38' title='bbox 1247 1422 1387 1488; x_wconf 84' lang='lat' dir='ltr'><strong>iudicum</strong></span> 
     </span>
     <span class='ocr_line' id='line_1_8' title="bbox 160 1525 331 1609; baseline -0.006 -18"><span class='ocrx_word' id='word_1_39' title='bbox 160 1525 331 1609; x_wconf 85' lang='lat' dir='ltr'><strong>syllogam:</strong></span> 
     </span>
    </p>

    <p class='ocr_par' dir='ltr' id='par_1_5' title="bbox 249 1631 1387 1724">
     <span class='ocr_line' id='line_1_9' title="bbox 249 1631 1387 1724; baseline 0.003 -27"><span class='ocrx_word' id='word_1_40' title='bbox 249 1633 486 1716; x_wconf 81' lang='lat' dir='ltr'><strong>Agathonos.</strong></span> <span class='ocrx_word' id='word_1_41' title='bbox 504 1633 584 1698; x_wconf 88' lang='lat' dir='ltr'><strong>Rau.</strong></span> <span class='ocrx_word' id='word_1_42' title='bbox 603 1631 660 1696; x_wconf 85' lang='lat'><strong><em>83:</em></strong></span> <span class='ocrx_word' id='word_1_43' title='bbox 692 1633 720 1698; x_wconf 91' lang='lat'><strong><em>1.</em></strong></span> <span class='ocrx_word' id='word_1_44' title='bbox 737 1631 864 1714; x_wconf 83' lang='lat' dir='ltr'><strong>Agatho</strong></span> <span class='ocrx_word' id='word_1_45' title='bbox 887 1632 1040 1716; x_wconf 83' lang='lat' dir='ltr'><strong>tragicus.</strong></span> <span class='ocrx_word' id='word_1_46' title='bbox 1073 1631 1113 1720; x_wconf 77' lang='grc' dir='ltr'><strong><em>ἦν</em></strong></span> <span class='ocrx_word' id='word_1_47' title='bbox 1135 1635 1175 1700; x_wconf 82' lang='grc' dir='ltr'><strong><em>δὲ</em></strong></span> <span class='ocrx_word' id='word_1_48' title='bbox 1196 1639 1252 1699; x_wconf 79' lang='grc' dir='ltr'><strong><em>καὶ</em></strong></span> <span class='ocrx_word' id='word_1_49' title='bbox 1273 1658 1387 1724; x_wconf 83' lang='grc' dir='ltr'><strong><em>κωμῳ-</em></strong></span> 
     </span>
    </p>

    <p class='ocr_par' dir='ltr' id='par_1_6' title="bbox 294 1737 996 1826">
     <span class='ocr_line' id='line_1_10' title="bbox 294 1737 996 1826; baseline -0.001 -20"><span class='ocrx_word' id='word_1_50' title='bbox 294 1738 429 1816; x_wconf 88' lang='grc' dir='ltr'><strong><em>δοποιὸς</em></strong></span> <span class='ocrx_word' id='word_1_51' title='bbox 453 1745 509 1806; x_wconf 82' lang='grc' dir='ltr'><strong><em>τού</em></strong></span> <span class='ocrx_word' id='word_1_52' title='bbox 532 1737 737 1826; x_wconf 78' lang='grc' dir='ltr'><strong><em>Σωκρατικοῦ</em></strong></span> <span class='ocrx_word' id='word_1_53' title='bbox 759 1737 996 1805; x_wconf 74' lang='grc' dir='ltr'><strong><em>διδασκαλείου.</em></strong></span> 
     </span>
    </p>

    <p class='ocr_par' dir='ltr' id='par_1_7' title="bbox 250 1842 1257 1929">
     <span class='ocr_line' id='line_1_11' title="bbox 250 1842 1257 1929; baseline 0.001 -16"><span class='ocrx_word' id='word_1_54' title='bbox 250 1846 498 1914; x_wconf 78' lang='lat' dir='ltr'><strong>Alcibiades.</strong></span> <span class='ocrx_word' id='word_1_55' title='bbox 523 1847 603 1912; x_wconf 90' lang='lat' dir='ltr'><strong>Rau.</strong></span> <span class='ocrx_word' id='word_1_56' title='bbox 635 1847 731 1926; x_wconf 78' lang='lat'><strong>14223</strong></span> <span class='ocrx_word' id='word_1_57' title='bbox 767 1843 917 1928; x_wconf 85' lang='grc' dir='ltr'><strong><em>γεγόνασι</em></strong></span> <span class='ocrx_word' id='word_1_58' title='bbox 938 1845 979 1910; x_wconf 79' lang='grc' dir='ltr'><strong><em>δὲ</em></strong></span> <span class='ocrx_word' id='word_1_59' title='bbox 994 1842 1198 1929; x_wconf 75' lang='grc' dir='ltr'><strong><em>Ἀλκιβιάδαι</em></strong></span> <span class='ocrx_word' id='word_1_60' title='bbox 1219 1847 1257 1914; x_wconf 83' lang='grc' dir='ltr'><strong><em>δ.</em></strong></span> 
     </span>
    </p>

    <p class='ocr_par' dir='ltr' id='par_1_8' title="bbox 249 1948 1386 2361">
     <span class='ocr_line' id='line_1_12' title="bbox 249 1948 1385 2044; baseline 0.001 -24"><span class='ocrx_word' id='word_1_61' title='bbox 249 1953 485 2020; x_wconf 83' lang='lat' dir='ltr'><strong>Antimachi.</strong></span> <span class='ocrx_word' id='word_1_62' title='bbox 511 1953 593 2019; x_wconf 83' lang='lat' dir='ltr'><strong>Nub.</strong></span> <span class='ocrx_word' id='word_1_63' title='bbox 621 1955 721 2020; x_wconf 80' lang='lat'>1022:</span> <span class='ocrx_word' id='word_1_64' title='bbox 756 1951 800 2036; x_wconf 91' lang='lat'><strong><em>[1.</em></strong></span> <span class='ocrx_word' id='word_1_65' title='bbox 823 1948 841 2017; x_wconf 87' lang='grc' dir='ltr'><strong><em>δ</em></strong></span> <span class='ocrx_word' id='word_1_66' title='bbox 865 1953 910 2028; x_wconf 75' lang='grc' dir='ltr'><strong><em>εἷς</em></strong></span> <span class='ocrx_word' id='word_1_67' title='bbox 932 1950 1098 2038; x_wconf 74' lang='grc' dir='ltr'><strong><em>θηλύτητα</em></strong></span> <span class='ocrx_word' id='word_1_68' title='bbox 1120 1952 1385 2044; x_wconf 77' lang='grc' dir='ltr'><strong><em>κωμῳδούμενος]</em></strong></span> 
     </span>
     <span class='ocr_line' id='line_1_13' title="bbox 295 2057 1386 2150; baseline 0.002 -25"><span class='ocrx_word' id='word_1_69' title='bbox 295 2063 359 2125; x_wconf 71' lang='grc' dir='ltr'><strong><em>ἐστὶ</em></strong></span> <span class='ocrx_word' id='word_1_70' title='bbox 392 2060 431 2125; x_wconf 76' lang='grc' dir='ltr'><strong><em>δὲ</em></strong></span> <span class='ocrx_word' id='word_1_71' title='bbox 464 2059 519 2124; x_wconf 77' lang='grc' dir='ltr'><strong><em>καί</em></strong></span> <span class='ocrx_word' id='word_1_72' title='bbox 552 2062 657 2143; x_wconf 64' lang='grc' dir='ltr'><strong><em>ἕτερος</em></strong></span> <span class='ocrx_word' id='word_1_73' title='bbox 682 2059 739 2124; x_wconf 74' lang='grc' dir='ltr'><strong><em>ἐπὶ</em></strong></span> <span class='ocrx_word' id='word_1_74' title='bbox 764 2063 904 2145; x_wconf 79' lang='grc' dir='ltr'><strong><em>πονηρίᾳ</em></strong></span> <span class='ocrx_word' id='word_1_75' title='bbox 931 2057 1198 2146; x_wconf 88' lang='grc' dir='ltr'><strong><em>κωμῳδούμενος·</em></strong></span> <span class='ocrx_word' id='word_1_76' title='bbox 1236 2065 1341 2150; x_wconf 89' lang='grc' dir='ltr'><strong><em>τρίτος</em></strong></span> <span class='ocrx_word' id='word_1_77' title='bbox 1367 2059 1386 2127; x_wconf 80' lang='grc' dir='ltr'>ὅ</span> 
     </span>
     <span class='ocr_line' id='line_1_14' title="bbox 294 2161 1385 2256; baseline 0.002 -24"><span class='ocrx_word' id='word_1_78' title='bbox 294 2165 454 2242; x_wconf 66' lang='lat' dir='ltr'><strong>mandros</strong></span> <span class='ocrx_word' id='word_1_79' title='bbox 476 2163 661 2249; x_wconf 81' lang='grc' dir='ltr'><strong><em>λεγόμενος·</em></strong></span> <span class='ocrx_word' id='word_1_80' title='bbox 696 2171 842 2254; x_wconf 78' lang='grc' dir='ltr'><strong><em>τέταρτος</em></strong></span> <span class='ocrx_word' id='word_1_81' title='bbox 864 2163 882 2232; x_wconf 84' lang='grc' dir='ltr'><strong>ὁ</strong></span> <span class='ocrx_word' id='word_1_82' title='bbox 897 2166 1080 2253; x_wconf 84' lang='grc' dir='ltr'><strong><em>τραπεζίτης</em></strong></span> <span class='ocrx_word' id='word_1_83' title='bbox 1095 2161 1133 2234; x_wconf 82' lang='grc' dir='ltr'><strong><em>οὗ</em></strong></span> <span class='ocrx_word' id='word_1_84' title='bbox 1147 2172 1309 2256; x_wconf 78' lang='grc' dir='ltr'><strong><em>μέμνηται</em></strong></span> <span class='ocrx_word' id='word_1_85' title='bbox 1324 2165 1385 2234; x_wconf 81' lang='grc' dir='ltr'><strong><em>Εὕ-</em></strong></span> 
     </span>
     <span class='ocr_line' id='line_1_15' title="bbox 293 2270 1217 2361; baseline 0 -21"><span class='ocrx_word' id='word_1_86' title='bbox 293 2275 387 2351; x_wconf 90' lang='grc' dir='ltr'><strong><em>πολις</em></strong></span> <span class='ocrx_word' id='word_1_87' title='bbox 410 2274 446 2340; x_wconf 75' lang='grc' dir='ltr'><strong><em>ἐν</em></strong></span> <span class='ocrx_word' id='word_1_88' title='bbox 468 2272 604 2361; x_wconf 81' lang='grc' dir='ltr'><strong><em>Δήμοις·</em></strong></span> <span class='ocrx_word' id='word_1_89' title='bbox 628 2277 774 2359; x_wconf 82' lang='grc' dir='ltr'><strong><em>πέμπτος</em></strong></span> <span class='ocrx_word' id='word_1_90' title='bbox 796 2270 816 2339; x_wconf 89' lang='lat' dir='ltr'><strong><em>o‘</em></strong></span> <span class='ocrx_word' id='word_1_91' title='bbox 840 2273 1092 2361; x_wconf 75' lang='grc' dir='ltr'><strong><em>ἳστοριογράῳος.</em></strong></span> <span class='ocrx_word' id='word_1_92' title='bbox 1216 2309 1217 2312; x_wconf 37' lang='grc'><strong>“</strong></span> 
     </span>
    </p>

    <p class='ocr_par' dir='ltr' id='par_1_9' title="bbox 250 2381 1386 2577">
     <span class='ocr_line' id='line_1_16' title="bbox 250 2381 1386 2471; baseline 0.001 -21"><span class='ocrx_word' id='word_1_93' title='bbox 250 2383 481 2450; x_wconf 82' lang='lat' dir='ltr'><strong>Chaerides.</strong></span> <span class='ocrx_word' id='word_1_94' title='bbox 507 2383 565 2448; x_wconf 78' lang='grc' dir='ltr'><strong><em>λυ.</em></strong></span> <span class='ocrx_word' id='word_1_95' title='bbox 584 2383 663 2448; x_wconf 89' lang='lat'><strong>858:</strong></span> <span class='ocrx_word' id='word_1_96' title='bbox 702 2385 730 2448; x_wconf 94' lang='grc'><strong><em>1.</em></strong></span> <span class='ocrx_word' id='word_1_97' title='bbox 749 2381 882 2448; x_wconf 83' lang='lat' dir='ltr'><strong>Chaeris</strong></span> <span class='ocrx_word' id='word_1_98' title='bbox 899 2381 1113 2449; x_wconf 84' lang='lat' dir='ltr'><strong>citharoedus.</strong></span> <span class='ocrx_word' id='word_1_99' title='bbox 1132 2381 1198 2450; x_wconf 74' lang='grc' dir='ltr'><strong><em>ἐστὶ</em></strong></span> <span class='ocrx_word' id='word_1_100' title='bbox 1213 2383 1267 2448; x_wconf 79' lang='grc' dir='ltr'><strong><em>καί</em></strong></span> <span class='ocrx_word' id='word_1_101' title='bbox 1283 2387 1386 2471; x_wconf 72' lang='grc' dir='ltr'><strong><em>ἔτερος</em></strong></span> 
     </span>
     <span class='ocr_line' id='line_1_17' title="bbox 302 2484 1383 2577; baseline 0.003 -23"><span class='ocrx_word' id='word_1_102' title='bbox 302 2487 443 2577; x_wconf 87' lang='grc' dir='ltr'><strong><em>αύλητής</em></strong></span> <span class='ocrx_word' id='word_1_103' title='bbox 465 2484 503 2556; x_wconf 87' lang='grc' dir='ltr'><strong><em>ού</em></strong></span> <span class='ocrx_word' id='word_1_104' title='bbox 527 2488 720 2576; x_wconf 81' lang='grc' dir='ltr'><strong><em>μνημονεύει</em></strong></span> <span class='ocrx_word' id='word_1_105' title='bbox 738 2489 898 2576; x_wconf 73' lang='grc' dir='ltr'><strong><em>Κρατῖνος</em></strong></span> <span class='ocrx_word' id='word_1_106' title='bbox 921 2488 958 2554; x_wconf 79' lang='grc' dir='ltr'><strong><em>ἒν</em></strong></span> <span class='ocrx_word' id='word_1_107' title='bbox 975 2494 1117 2575; x_wconf 83' lang='grc' dir='ltr'><strong><em>Νεμέσει.</em></strong></span> <span class='ocrx_word' id='word_1_108' title='bbox 1153 2490 1198 2557; x_wconf 83' lang='lat' dir='ltr'><strong><em>cf.</em></strong></span> <span class='ocrx_word' id='word_1_109' title='bbox 1215 2491 1290 2557; x_wconf 86' lang='lat' dir='ltr'><strong>Pac.</strong></span> <span class='ocrx_word' id='word_1_110' title='bbox 1309 2493 1383 2558; x_wconf 87' lang='grc'><strong>951.</strong></span> 
     </span>
    </p>

    <p class='ocr_par' dir='ltr' id='par_1_10' title="bbox 249 2597 1386 2795">
     <span class='ocr_line' id='line_1_18' title="bbox 249 2597 1386 2682; baseline 0.001 -20"><span class='ocrx_word' id='word_1_111' title='bbox 249 2597 463 2682; x_wconf 86' lang='lat' dir='ltr'><strong>Diagorae.</strong></span> <span class='ocrx_word' id='word_1_112' title='bbox 490 2599 570 2663; x_wconf 83' lang='lat' dir='ltr'><strong>Rau.</strong></span> <span class='ocrx_word' id='word_1_113' title='bbox 596 2599 676 2664; x_wconf 82' lang='lat'><strong>320:</strong></span> <span class='ocrx_word' id='word_1_114' title='bbox 720 2599 746 2662; x_wconf 92' lang='lat'><strong><em>1.</em></strong></span> <span class='ocrx_word' id='word_1_115' title='bbox 788 2598 948 2679; x_wconf 85' lang='lat' dir='ltr'><strong>Diagoras</strong></span> <span class='ocrx_word' id='word_1_116' title='bbox 974 2598 1099 2663; x_wconf 90' lang='lat' dir='ltr'><strong>Melius.</strong></span> <span class='ocrx_word' id='word_1_117' title='bbox 1128 2602 1241 2679; x_wconf 78' lang='grc' dir='ltr'><strong><em>γέγονε</em></strong></span> <span class='ocrx_word' id='word_1_118' title='bbox 1267 2597 1303 2663; x_wconf 72' lang='grc' dir='ltr'><strong><em>δὲ</em></strong></span> <span class='ocrx_word' id='word_1_119' title='bbox 1330 2600 1386 2665; x_wconf 81' lang='grc' dir='ltr'><strong><em>καί</em></strong></span> 
     </span>
     <span class='ocr_line' id='line_1_19' title="bbox 293 2700 1382 2795; baseline 0.004 -25"><span class='ocrx_word' id='word_1_120' title='bbox 293 2709 397 2795; x_wconf 70' lang='grc' dir='ltr'><strong><em>ἕτερος</em></strong></span> <span class='ocrx_word' id='word_1_121' title='bbox 411 2700 665 2793; x_wconf 81' lang='grc' dir='ltr'><strong><em>κωμῳδούμενος</em></strong></span> <span class='ocrx_word' id='word_1_122' title='bbox 679 2702 733 2769; x_wconf 73' lang='grc' dir='ltr'><strong><em>ἐπὶ</em></strong></span> <span class='ocrx_word' id='word_1_123' title='bbox 747 2707 895 2790; x_wconf 77' lang='grc' dir='ltr'><strong><em>μεγέθει·</em></strong></span> <span class='ocrx_word' id='word_1_124' title='bbox 912 2701 1094 2793; x_wconf 83' lang='grc' dir='ltr'><strong><em>Ἕρμιππος</em></strong></span> <span class='ocrx_word' id='word_1_125' title='bbox 1109 2704 1147 2772; x_wconf 73' lang='grc' dir='ltr'><strong><em>ἓν</em></strong></span> <span class='ocrx_word' id='word_1_126' title='bbox 1162 2707 1303 2795; x_wconf 84' lang='grc' dir='ltr'><strong><em>Μοίραις</em></strong></span> <span class='ocrx_word' id='word_1_127' title='bbox 1318 2707 1382 2774; x_wconf 86' lang='grc' dir='ltr'><strong><em>κτλ.</em></strong></span> 
     </span>
    </p>

    <p class='ocr_par' dir='ltr' id='par_1_11' title="bbox 250 2811 1385 3221">
     <span class='ocr_line' id='line_1_20' title="bbox 250 2811 1385 2900; baseline 0.001 -22"><span class='ocrx_word' id='word_1_128' title='bbox 250 2813 517 2882; x_wconf 75' lang='lat' dir='ltr'><strong>Execestides</strong></span> <span class='ocrx_word' id='word_1_129' title='bbox 545 2814 602 2879; x_wconf 85' lang='lat' dir='ltr'><strong><em>Av.</em></strong></span> <span class='ocrx_word' id='word_1_130' title='bbox 632 2815 687 2877; x_wconf 90' lang='lat' dir='ltr'><strong><em>ll:</em></strong></span> <span class='ocrx_word' id='word_1_131' title='bbox 726 2816 754 2879; x_wconf 91' lang='lat'><strong><em>1.</em></strong></span> <span class='ocrx_word' id='word_1_132' title='bbox 781 2812 851 2879; x_wconf 82' lang='lat' dir='ltr'><strong>Gar.</strong></span> <span class='ocrx_word' id='word_1_133' title='bbox 876 2812 944 2878; x_wconf 70' lang='grc' dir='ltr'><strong><em>ἐστὶ</em></strong></span> <span class='ocrx_word' id='word_1_134' title='bbox 966 2811 1003 2877; x_wconf 80' lang='grc' dir='ltr'><strong><em>δὲ</em></strong></span> <span class='ocrx_word' id='word_1_135' title='bbox 1025 2817 1080 2877; x_wconf 77' lang='grc' dir='ltr'><strong><em>καί</em></strong></span> <span class='ocrx_word' id='word_1_136' title='bbox 1103 2813 1270 2900; x_wconf 75' lang='grc' dir='ltr'><strong><em>ἕτερος***</em></strong></span> <span class='ocrx_word' id='word_1_137' title='bbox 1294 2814 1385 2896; x_wconf 53' lang='grc' dir='ltr'><strong><em>ίέχων</em></strong></span> 
     </span>
     <span class='ocr_line' id='line_1_21' title="bbox 292 2917 1385 3009; baseline -0.001 -23"><span class='ocrx_word' id='word_1_138' title='bbox 292 2921 394 3009; x_wconf 84' lang='grc' dir='ltr'><strong><em>λύραν</em></strong></span> <span class='ocrx_word' id='word_1_139' title='bbox 426 2921 518 3006; x_wconf 85' lang='grc' dir='ltr'><strong><em>ἔργον</em></strong></span> <span class='ocrx_word' id='word_1_140' title='bbox 547 2917 694 3000; x_wconf 78' lang='grc' dir='ltr'><strong><em>Εὐδόξου</em></strong></span> <span class='ocrx_word' id='word_1_141' title='bbox 723 2923 854 2984; x_wconf 86' lang='grc' dir='ltr'><strong><em>τιταίνει</em></strong></span> <span class='ocrx_word' id='word_1_142' title='bbox 882 2922 1034 3006; x_wconf 82' lang='grc' dir='ltr'><strong><em>ψίθυρον</em></strong></span> <span class='ocrx_word' id='word_1_143' title='bbox 1060 2917 1165 3006; x_wconf 84' lang='grc' dir='ltr'><strong><em>εύήθη</em></strong></span> <span class='ocrx_word' id='word_1_144' title='bbox 1192 2919 1301 3006; x_wconf 86' lang='grc' dir='ltr'><strong><em>νόμον’</em></strong></span> <span class='ocrx_word' id='word_1_145' title='bbox 1330 2925 1385 3005; x_wconf 85' lang='grc' dir='ltr'><strong><em>μί-</em></strong></span> 
     </span>
     <span class='ocr_line' id='line_1_22' title="bbox 293 3018 1385 3116; baseline 0.002 -23"><span class='ocrx_word' id='word_1_146' title='bbox 293 3052 409 3116; x_wconf 86' lang='grc' dir='ltr'><strong><em>μνηται</em></strong></span> <span class='ocrx_word' id='word_1_147' title='bbox 432 3027 464 3092; x_wconf 83' lang='grc' dir='ltr'><strong><em>δ</em></strong></span> <span class='ocrx_word' id='word_1_148' title='bbox 488 3018 587 3092; x_wconf 80' lang='grc' dir='ltr'><strong><em>αὐτοῦ</em></strong></span> <span class='ocrx_word' id='word_1_149' title='bbox 609 3023 665 3089; x_wconf 75' lang='grc' dir='ltr'><strong><em>καί</em></strong></span> <span class='ocrx_word' id='word_1_150' title='bbox 684 3025 843 3112; x_wconf 80' lang='grc' dir='ltr'><strong><em>Πολέμων</em></strong></span> <span class='ocrx_word' id='word_1_151' title='bbox 866 3025 902 3092; x_wconf 75' lang='grc' dir='ltr'><strong><em>ἐν</em></strong></span> <span class='ocrx_word' id='word_1_152' title='bbox 925 3026 968 3113; x_wconf 80' lang='grc' dir='ltr'><strong><em>τῷ</em></strong></span> <span class='ocrx_word' id='word_1_153' title='bbox 990 3022 1024 3107; x_wconf 75' lang='grc' dir='ltr'><strong><em>β’</em></strong></span> <span class='ocrx_word' id='word_1_154' title='bbox 1046 3025 1123 3112; x_wconf 78' lang='grc' dir='ltr'><strong><em>περὶ</em></strong></span> <span class='ocrx_word' id='word_1_155' title='bbox 1146 3024 1385 3115; x_wconf 76' lang='grc' dir='ltr'><strong><em>τήςἎθήνησιν</em></strong></span> 
     </span>
     <span class='ocr_line' id='line_1_23' title="bbox 286 3130 1270 3221; baseline 0.002 -22"><span class='ocrx_word' id='word_1_156' title='bbox 286 3131 541 3221; x_wconf 81' lang='grc' dir='ltr'><strong><em>Ἐρατοσθένους</em></strong></span> <span class='ocrx_word' id='word_1_157' title='bbox 562 3131 734 3218; x_wconf 70' lang='grc' dir='ltr'><strong><em>ἐπιδημίας</em></strong></span> <span class='ocrx_word' id='word_1_158' title='bbox 757 3132 822 3199; x_wconf 85' lang='grc' dir='ltr'><strong><em>κτλ.</em></strong></span> <span class='ocrx_word' id='word_1_159' title='bbox 860 3130 906 3198; x_wconf 83' lang='lat' dir='ltr'><strong><em>cf.</em></strong></span> <span class='ocrx_word' id='word_1_160' title='bbox 930 3131 1078 3197; x_wconf 85' lang='lat' dir='ltr'><strong>Dilbneri</strong></span> <span class='ocrx_word' id='word_1_161' title='bbox 1101 3134 1174 3200; x_wconf 81' lang='lat' dir='ltr'><strong>adu.</strong></span> <span class='ocrx_word' id='word_1_162' title='bbox 1201 3136 1270 3201; x_wconf 83' lang='lat' dir='ltr'><strong>orit</strong></span> 
     </span>
    </p>

    <p class='ocr_par' dir='ltr' id='par_1_12' title="bbox 251 3234 1385 3438">
     <span class='ocr_line' id='line_1_24' title="bbox 251 3234 1385 3330; baseline -0.002 -20"><span class='ocrx_word' id='word_1_163' title='bbox 251 3243 432 3327; x_wconf 89' lang='lat' dir='ltr'><strong>Gorgiae.</strong></span> <span class='ocrx_word' id='word_1_164' title='bbox 461 3243 518 3308; x_wconf 78' lang='grc' dir='ltr'><strong><em>λυ.</em></strong></span> <span class='ocrx_word' id='word_1_165' title='bbox 546 3243 648 3307; x_wconf 79' lang='lat'>1701:</span> <span class='ocrx_word' id='word_1_166' title='bbox 687 3244 714 3306; x_wconf 92' lang='lat'><strong><em>1.</em></strong></span> <span class='ocrx_word' id='word_1_167' title='bbox 742 3240 880 3323; x_wconf 87' lang='lat' dir='ltr'><strong>Gorgias</strong></span> <span class='ocrx_word' id='word_1_168' title='bbox 909 3239 1029 3306; x_wconf 90' lang='lat' dir='ltr'><strong>rhetor.</strong></span> <span class='ocrx_word' id='word_1_169' title='bbox 1060 3234 1102 3327; x_wconf 88' lang='grc' dir='ltr'><strong><em>ήν</em></strong></span> <span class='ocrx_word' id='word_1_170' title='bbox 1130 3239 1168 3305; x_wconf 80' lang='grc' dir='ltr'><strong><em>δὲ</em></strong></span> <span class='ocrx_word' id='word_1_171' title='bbox 1194 3243 1251 3306; x_wconf 83' lang='grc' dir='ltr'><strong><em>καί</em></strong></span> <span class='ocrx_word' id='word_1_172' title='bbox 1281 3246 1385 3330; x_wconf 72' lang='grc' dir='ltr'><strong><em>ἕτερος</em></strong></span> 
     </span>
     <span class='ocr_line' id='line_1_25' title="bbox 292 3342 1135 3438; baseline 0 -22"><span class='ocrx_word' id='word_1_173' title='bbox 292 3347 410 3438; x_wconf 81' lang='grc' dir='ltr'><strong><em>ίατρύς,</em></strong></span> <span class='ocrx_word' id='word_1_174' title='bbox 434 3344 472 3417; x_wconf 85' lang='grc' dir='ltr'><strong><em>οὗ</em></strong></span> <span class='ocrx_word' id='word_1_175' title='bbox 495 3346 687 3436; x_wconf 86' lang='grc' dir='ltr'><strong><em>μνημονεύει</em></strong></span> <span class='ocrx_word' id='word_1_176' title='bbox 703 3343 854 3423; x_wconf 77' lang='grc' dir='ltr'><strong><em>’Λλκαίος</em></strong></span> <span class='ocrx_word' id='word_1_177' title='bbox 876 3344 913 3413; x_wconf 75' lang='grc' dir='ltr'><strong><em>ἐν</em></strong></span> <span class='ocrx_word' id='word_1_178' title='bbox 929 3342 1135 3433; x_wconf 79' lang='grc' dir='ltr'><strong><em>Ἐνδυμίωνι.</em></strong></span> 
     </span>
    </p>

    <p class='ocr_par' dir='ltr' id='par_1_13' title="bbox 249 3449 1384 3650">
     <span class='ocr_line' id='line_1_26' title="bbox 249 3449 1384 3546; baseline -0.001 -21"><span class='ocrx_word' id='word_1_179' title='bbox 249 3459 432 3525; x_wconf 83' lang='lat' dir='ltr'><strong>Miconas.</strong></span> <span class='ocrx_word' id='word_1_180' title='bbox 457 3456 591 3541; x_wconf 87' lang='lat' dir='ltr'><strong>Lysistr.</strong></span> <span class='ocrx_word' id='word_1_181' title='bbox 619 3458 697 3520; x_wconf 80' lang='lat'>679:</span> <span class='ocrx_word' id='word_1_182' title='bbox 737 3459 764 3520; x_wconf 95' lang='lat'><strong><em>1.</em></strong></span> <span class='ocrx_word' id='word_1_183' title='bbox 790 3455 874 3521; x_wconf 90' lang='lat' dir='ltr'><strong>Mioo</strong></span> <span class='ocrx_word' id='word_1_184' title='bbox 903 3457 1017 3537; x_wconf 88' lang='lat' dir='ltr'><strong>pictor.</strong></span> <span class='ocrx_word' id='word_1_185' title='bbox 1055 3449 1120 3520; x_wconf 73' lang='grc' dir='ltr'><strong><em>ἐστὶ</em></strong></span> <span class='ocrx_word' id='word_1_186' title='bbox 1142 3455 1259 3522; x_wconf 81' lang='grc' dir='ltr'><strong><em>δὲκαὶ</em></strong></span> <span class='ocrx_word' id='word_1_187' title='bbox 1283 3460 1384 3546; x_wconf 69' lang='grc' dir='ltr'><strong><em>ἕτερος</em></strong></span> 
     </span>
     <span class='ocr_line' id='line_1_27' title="bbox 295 3560 905 3650; baseline -0.003 -21"><span class='ocrx_word' id='word_1_188' title='bbox 295 3569 413 3632; x_wconf 89' lang='grc' dir='ltr'><strong><em>Μίκων</em></strong></span> <span class='ocrx_word' id='word_1_189' title='bbox 436 3567 481 3640; x_wconf 85' lang='grc' dir='ltr'><strong><em>είς</em></strong></span> <span class='ocrx_word' id='word_1_190' title='bbox 503 3567 621 3630; x_wconf 83' lang='grc' dir='ltr'><strong><em>πενίαν</em></strong></span> <span class='ocrx_word' id='word_1_191' title='bbox 644 3560 905 3650; x_wconf 86' lang='grc' dir='ltr'><strong><em>κωμῳδούμενος.</em></strong></span> 
     </span>
    </p>

    <p class='ocr_par' dir='ltr' id='par_1_14' title="bbox 250 3656 1384 3971">
     <span class='ocr_line' id='line_1_28' title="bbox 250 3656 1384 3757; baseline -0.003 -18"><span class='ocrx_word' id='word_1_192' title='bbox 250 3672 490 3756; x_wconf 80' lang='lat' dir='ltr'><strong>Myronidae.</strong></span> <span class='ocrx_word' id='word_1_193' title='bbox 515 3670 650 3755; x_wconf 82' lang='lat' dir='ltr'><strong>Lysistr.</strong></span> <span class='ocrx_word' id='word_1_194' title='bbox 676 3671 755 3736; x_wconf 87' lang='lat'>801:</span> <span class='ocrx_word' id='word_1_195' title='bbox 791 3668 850 3736; x_wconf 89' lang='grc' dir='ltr'><strong><em>δύο</em></strong></span> <span class='ocrx_word' id='word_1_196' title='bbox 877 3670 1071 3757; x_wconf 85' lang='grc' dir='ltr'><strong><em>Μυρωνίδαι</em></strong></span> <span class='ocrx_word' id='word_1_197' title='bbox 1093 3656 1178 3756; x_wconf 84' lang='grc' dir='ltr'><strong><em>ήσαν</em></strong></span> <span class='ocrx_word' id='word_1_198' title='bbox 1200 3668 1242 3747; x_wconf 82' lang='grc' dir='ltr'><strong><em>(ύς</em></strong></span> <span class='ocrx_word' id='word_1_199' title='bbox 1264 3671 1300 3737; x_wconf 74' lang='grc' dir='ltr'><strong><em>ἐν</em></strong></span> <span class='ocrx_word' id='word_1_200' title='bbox 1315 3669 1384 3736; x_wconf 76' lang='grc' dir='ltr'><strong><em>Ἐκ-</em></strong></span> 
     </span>
     <span class='ocr_line' id='line_1_29' title="bbox 291 3774 1384 3867; baseline 0.001 -22"><span class='ocrx_word' id='word_1_201' title='bbox 291 3775 538 3867; x_wconf 82' lang='grc' dir='ltr'><strong><em>κλησιαζούσαις</em></strong></span> <span class='ocrx_word' id='word_1_202' title='bbox 561 3775 754 3862; x_wconf 84' lang='grc' dir='ltr'><strong><em>δεδήλωται·</em></strong></span> <span class='ocrx_word' id='word_1_203' title='bbox 783 3774 910 3844; x_wconf 75' lang='grc' dir='ltr'><strong><em>ἐνθάδε</em></strong></span> <span class='ocrx_word' id='word_1_204' title='bbox 937 3781 1048 3845; x_wconf 89' lang='grc' dir='ltr'><strong><em>τοίνυν</em></strong></span> <span class='ocrx_word' id='word_1_205' title='bbox 1075 3783 1235 3866; x_wconf 76' lang='grc' dir='ltr'><strong><em>μέμνηται</em></strong></span> <span class='ocrx_word' id='word_1_206' title='bbox 1262 3785 1320 3846; x_wconf 81' lang='grc' dir='ltr'><strong><em>τοῦ</em></strong></span> <span class='ocrx_word' id='word_1_207' title='bbox 1347 3779 1384 3846; x_wconf 79' lang='grc' dir='ltr'><strong><em>ἐν</em></strong></span> 
     </span>
     <span class='ocr_line' id='line_1_30' title="bbox 293 3881 705 3971; baseline -0.015 -17"><span class='ocrx_word' id='word_1_208' title='bbox 293 3885 488 3971; x_wconf 78' lang='grc' dir='ltr'><strong><em>Οἰνοφύτοις</em></strong></span> <span class='ocrx_word' id='word_1_209' title='bbox 509 3881 705 3969; x_wconf 84' lang='grc' dir='ltr'><strong><em>νικήσαντος.</em></strong></span> 
     </span>
    </p>

    <p class='ocr_par' dir='ltr' id='par_1_15' title="bbox 248 3991 1384 4295">
     <span class='ocr_line' id='line_1_31' title="bbox 248 3991 1383 4078; baseline -0.002 -17"><span class='ocrx_word' id='word_1_210' title='bbox 248 3995 415 4078; x_wconf 90' lang='lat' dir='ltr'><strong>Phaylli.</strong></span> <span class='ocrx_word' id='word_1_211' title='bbox 440 3993 578 4059; x_wconf 84' lang='lat' dir='ltr'><strong>Acharn.</strong></span> <span class='ocrx_word' id='word_1_212' title='bbox 598 3994 678 4058; x_wconf 81' lang='lat'>214:</span> <span class='ocrx_word' id='word_1_213' title='bbox 717 3995 744 4058; x_wconf 90' lang='lat'><strong><em>1.</em></strong></span> <span class='ocrx_word' id='word_1_214' title='bbox 770 3991 923 4076; x_wconf 81' lang='lat' dir='ltr'><strong>Phayllus</strong></span> <span class='ocrx_word' id='word_1_215' title='bbox 947 4011 1058 4059; x_wconf 87' lang='lat' dir='ltr'><strong>cursor</strong></span> <span class='ocrx_word' id='word_1_216' title='bbox 1082 3996 1230 4077; x_wconf 86' lang='lat' dir='ltr'><strong>optimus.</strong></span> <span class='ocrx_word' id='word_1_217' title='bbox 1256 3991 1383 4071; x_wconf 76' lang='grc' dir='ltr'><strong><em>ἐγένετο</em></strong></span> 
     </span>
     <span class='ocr_line' id='line_1_32' title="bbox 294 4095 1384 4187; baseline 0 -21"><span class='ocrx_word' id='word_1_218' title='bbox 294 4097 331 4166; x_wconf 78' lang='grc' dir='ltr'><strong><em>δὲ</em></strong></span> <span class='ocrx_word' id='word_1_219' title='bbox 353 4102 408 4166; x_wconf 75' lang='grc' dir='ltr'><strong><em>καὶ</em></strong></span> <span class='ocrx_word' id='word_1_220' title='bbox 430 4104 535 4187; x_wconf 76' lang='grc' dir='ltr'><strong><em>ἕτερος</em></strong></span> <span class='ocrx_word' id='word_1_221' title='bbox 555 4099 701 4187; x_wconf 72' lang='grc' dir='ltr'><strong><em>ἀθλητής</em></strong></span> <span class='ocrx_word' id='word_1_222' title='bbox 717 4095 835 4186; x_wconf 78' lang='grc' dir='ltr'><strong><em>ὀγδόην</em></strong></span> <span class='ocrx_word' id='word_1_223' title='bbox 850 4096 1039 4184; x_wconf 79' lang='grc' dir='ltr'><strong><em>ὀλυμπιάδα</em></strong></span> <span class='ocrx_word' id='word_1_224' title='bbox 1054 4097 1191 4184; x_wconf 86' lang='grc' dir='ltr'><strong><em>νικήσας,</em></strong></span> <span class='ocrx_word' id='word_1_225' title='bbox 1208 4102 1264 4164; x_wconf 79' lang='grc' dir='ltr'><strong><em>καὶ</em></strong></span> <span class='ocrx_word' id='word_1_226' title='bbox 1278 4105 1384 4186; x_wconf 90' lang='grc' dir='ltr'><strong><em>τρίτος</em></strong></span> 
     </span>
     <span class='ocr_line' id='line_1_33' title="bbox 294 4207 486 4295; baseline 0 -22"><span class='ocrx_word' id='word_1_227' title='bbox 294 4207 486 4295; x_wconf 86' lang='grc' dir='ltr'><strong><em>λωποδύτης.</em></strong></span> 
     </span>
    </p>
   </div>
   <div class='ocr_carea' id='block_1_5' title="bbox 165 4347 1382 4512">
    <p class='ocr_par' dir='ltr' id='par_1_16' title="bbox 165 4347 1382 4512">
     <span class='ocr_line' id='line_1_34' title="bbox 235 4347 1382 4422; baseline 0.004 -19"><span class='ocrx_word' id='word_1_228' title='bbox 235 4347 286 4418; x_wconf 79' lang='lat'><strong>1⁵⁰)</strong></span> <span class='ocrx_word' id='word_1_229' title='bbox 302 4349 375 4404; x_wconf 85' lang='lat' dir='ltr'><strong>Hinc</strong></span> <span class='ocrx_word' id='word_1_230' title='bbox 404 4349 503 4406; x_wconf 75' lang='lat' dir='ltr'><strong>fluidas</strong></span> <span class='ocrx_word' id='word_1_231' title='bbox 532 4349 657 4406; x_wconf 84' lang='lat' dir='ltr'><strong>Eudoeia</strong></span> <span class='ocrx_word' id='word_1_232' title='bbox 684 4351 863 4422; x_wconf 77' lang='lat' dir='ltr'><strong>Etymologus</strong></span> <span class='ocrx_word' id='word_1_233' title='bbox 890 4351 1008 4420; x_wconf 83' lang='lat' dir='ltr'><strong>Magnus</strong></span> <span class='ocrx_word' id='word_1_234' title='bbox 1032 4366 1066 4405; x_wconf 89' lang='lat' dir='ltr'><strong><em>ss.</em></strong></span> <span class='ocrx_word' id='word_1_235' title='bbox 1090 4367 1133 4406; x_wconf 80' lang='lat' dir='ltr'><strong><em>vv.</em></strong></span> <span class='ocrx_word' id='word_1_236' title='bbox 1157 4382 1191 4390; x_wconf 92' lang='lat'><strong><em>-—</em></strong></span> <span class='ocrx_word' id='word_1_237' title='bbox 1215 4351 1331 4409; x_wconf 85' lang='lat' dir='ltr'><strong>Baeides</strong></span> <span class='ocrx_word' id='word_1_238' title='bbox 1353 4359 1382 4410; x_wconf 88' lang='lat' dir='ltr'><strong><em>et</em></strong></span> 
     </span>
     <span class='ocr_line' id='line_1_35' title="bbox 165 4437 1187 4512; baseline -0.001 -18"><span class='ocrx_word' id='word_1_239' title='bbox 165 4437 285 4509; x_wconf 85' lang='lat' dir='ltr'><strong>Sibyllas</strong></span> <span class='ocrx_word' id='word_1_240' title='bbox 304 4438 382 4495; x_wconf 89' lang='lat' dir='ltr'><strong>omisi</strong></span> <span class='ocrx_word' id='word_1_241' title='bbox 403 4438 450 4508; x_wconf 85' lang='lat' dir='ltr'><strong>[cl.</strong></span> <span class='ocrx_word' id='word_1_242' title='bbox 471 4439 534 4496; x_wconf 85' lang='lat' dir='ltr'><strong>diss.</strong></span> <span class='ocrx_word' id='word_1_243' title='bbox 554 4456 581 4509; x_wconf 88' lang='lat' dir='ltr'><strong><em>p.</em></strong></span> <span class='ocrx_word' id='word_1_244' title='bbox 602 4441 631 4510; x_wconf 79' lang='lat'><strong><em>2]</em></strong></span> <span class='ocrx_word' id='word_1_245' title='bbox 652 4446 681 4496; x_wconf 88' lang='lat' dir='ltr'><strong><em>et</em></strong></span> <span class='ocrx_word' id='word_1_246' title='bbox 699 4440 823 4498; x_wconf 85' lang='lat' dir='ltr'><strong>Moloues</strong></span> <span class='ocrx_word' id='word_1_247' title='bbox 843 4440 887 4512; x_wconf 84' lang='lat' dir='ltr'><strong>[ul.</strong></span> <span class='ocrx_word' id='word_1_248' title='bbox 907 4456 934 4510; x_wconf 88' lang='lat' dir='ltr'><strong><em>p.</em></strong></span> <span class='ocrx_word' id='word_1_249' title='bbox 956 4441 1013 4496; x_wconf 84' lang='lat'><strong>130.</strong></span> <span class='ocrx_word' id='word_1_250' title='bbox 1033 4439 1094 4496; x_wconf 89' lang='lat' dir='ltr'><strong>adu.</strong></span> <span class='ocrx_word' id='word_1_251' title='bbox 1116 4439 1187 4512; x_wconf 88' lang='grc'><strong>144].</strong></span> 
     </span>
    </p>
   </div>
   <div class='ocr_carea' id='block_1_6' title="bbox 0 0 1720 5400">
    <p class='ocr_par' dir='ltr' id='par_1_17' title="bbox 0 0 1720 5400">
     <span class='ocr_line' id='line_1_36' title="bbox 0 0 1720 5400; baseline 0 0"><span class='ocrx_word' id='word_1_252' title='bbox 0 0 1720 5400; x_wconf 95' lang='lat' dir='ltr'><strong><em> </em></strong></span> 
     </span>
    </p>
   </div>
  </div>
 </body>
</html>
