<?xml version="1.0" encoding="UTF-8"?>
<!DOCTYPE html PUBLIC "-//W3C//DTD XHTML 1.0 Transitional//EN"
    "http://www.w3.org/TR/xhtml1/DTD/xhtml1-transitional.dtd">
<html xmlns="http://www.w3.org/1999/xhtml" xml:lang="en" lang="en">
 <head>
  <title>
</title>
<meta http-equiv="Content-Type" content="text/html;charset=utf-8" />
  <meta name='ocr-system' content='tesseract 3.04.00' />
  <meta name='ocr-capabilities' content='ocr_page ocr_carea ocr_par ocr_line ocrx_word'/>
</head>
<body>
  <div class='ocr_page' id='page_1' title='image "./debiographisgra01maasgoog_0112.png"; bbox 0 0 3432 5400; ppageno 0'>
   <div class='ocr_carea' id='block_1_1' title="bbox 1280 485 1341 549">
    <p class='ocr_par' dir='ltr' id='par_1_1' title="bbox 1280 485 1341 549">
     <span class='ocr_line' id='line_1_1' title="bbox 1280 485 1341 549; baseline -0.033 0"><span class='ocrx_word' id='word_1_1' title='bbox 1280 485 1341 549; x_wconf 83' lang='lat'><strong>107</strong></span> 
     </span>
    </p>
   </div>
   <div class='ocr_carea' id='block_1_2' title="bbox 486 657 969 714">
    <p class='ocr_par' dir='ltr' id='par_1_2' title="bbox 486 657 969 714">
     <span class='ocr_line' id='line_1_2' title="bbox 486 657 969 714; baseline 0 0"><span class='ocrx_word' id='word_1_2' title='bbox 486 659 518 714; x_wconf 87' lang='lat' dir='ltr'><strong>h.</strong></span> <span class='ocrx_word' id='word_1_3' title='bbox 538 659 584 713; x_wconf 78' lang='lat' dir='ltr'><strong>lle</strong></span> <span class='ocrx_word' id='word_1_4' title='bbox 602 657 759 714; x_wconf 80' lang='lat' dir='ltr'><strong>Clemente</strong></span> <span class='ocrx_word' id='word_1_5' title='bbox 783 658 814 714; x_wconf 85' lang='lat' dir='ltr'><strong>et</strong></span> <span class='ocrx_word' id='word_1_6' title='bbox 832 657 969 714; x_wconf 72' lang='lat' dir='ltr'><strong>haertle.</strong></span> 
     </span>
    </p>
   </div>
   <div class='ocr_carea' id='block_1_3' title="bbox 111 763 1346 1924">
    <p class='ocr_par' dir='ltr' id='par_1_3' title="bbox 112 763 1344 1174">
     <span class='ocr_line' id='line_1_3' title="bbox 201 763 1344 851; baseline 0.003 -19"><span class='ocrx_word' id='word_1_7' title='bbox 201 768 307 850; x_wconf 83' lang='lat' dir='ltr'><strong>Pergo</strong></span> <span class='ocrx_word' id='word_1_8' title='bbox 331 772 441 832; x_wconf 81' lang='lat' dir='ltr'><strong>cetera</strong></span> <span class='ocrx_word' id='word_1_9' title='bbox 464 767 654 849; x_wconf 80' lang='lat' dir='ltr'><strong>omnigenae</strong></span> <span class='ocrx_word' id='word_1_10' title='bbox 677 765 833 832; x_wconf 80' lang='lat' dir='ltr'>historiae</span> <span class='ocrx_word' id='word_1_11' title='bbox 856 767 996 849; x_wconf 85' lang='lat' dir='ltr'><strong>vestigia</strong></span> <span class='ocrx_word' id='word_1_12' title='bbox 1019 768 1190 850; x_wconf 88' lang='lat' dir='ltr'><strong>conligere.</strong></span> <span class='ocrx_word' id='word_1_13' title='bbox 1236 763 1344 851; x_wconf 84' lang='lat' dir='ltr'><strong>Larga</strong></span> 
     </span>
     <span class='ocr_line' id='line_1_4' title="bbox 112 873 1343 958; baseline 0 -15"><span class='ocrx_word' id='word_1_14' title='bbox 112 877 227 942; x_wconf 89' lang='lat' dir='ltr'><strong>messis</strong></span> <span class='ocrx_word' id='word_1_15' title='bbox 251 895 290 940; x_wconf 84' lang='lat' dir='ltr'><strong>ex</strong></span> <span class='ocrx_word' id='word_1_16' title='bbox 314 874 487 941; x_wconf 88' lang='lat' dir='ltr'><strong>Clementis</strong></span> <span class='ocrx_word' id='word_1_17' title='bbox 511 874 692 956; x_wconf 86' lang='lat' dir='ltr'><strong>stromatis,</strong></span> <span class='ocrx_word' id='word_1_18' title='bbox 720 879 759 940; x_wconf 88' lang='lat' dir='ltr'><strong>ut</strong></span> <span class='ocrx_word' id='word_1_19' title='bbox 781 873 849 941; x_wconf 83' lang='lat' dir='ltr'><strong>iera</strong></span> <span class='ocrx_word' id='word_1_20' title='bbox 874 875 1016 956; x_wconf 88' lang='lat' dir='ltr'><strong>adsolet,</strong></span> <span class='ocrx_word' id='word_1_21' title='bbox 1046 877 1152 958; x_wconf 88' lang='lat' dir='ltr'><strong>repeti</strong></span> <span class='ocrx_word' id='word_1_22' title='bbox 1176 878 1274 944; x_wconf 88' lang='lat' dir='ltr'><strong>etiam</strong></span> <span class='ocrx_word' id='word_1_23' title='bbox 1303 878 1343 943; x_wconf 85' lang='lat' dir='ltr'><strong>(le</strong></span> 
     </span>
     <span class='ocr_line' id='line_1_5' title="bbox 112 982 1344 1066; baseline 0.002 -18"><span class='ocrx_word' id='word_1_24' title='bbox 112 983 184 1048; x_wconf 90' lang='lat' dir='ltr'><strong>aliis</strong></span> <span class='ocrx_word' id='word_1_25' title='bbox 215 987 347 1066; x_wconf 90' lang='lat' dir='ltr'><strong>praeter</strong></span> <span class='ocrx_word' id='word_1_26' title='bbox 369 983 589 1066; x_wconf 77' lang='lat' dir='ltr'><strong>Pythagoram</strong></span> <span class='ocrx_word' id='word_1_27' title='bbox 617 982 693 1048; x_wconf 85' lang='lat' dir='ltr'><strong>vitis</strong></span> <span class='ocrx_word' id='word_1_28' title='bbox 719 986 845 1064; x_wconf 83' lang='lat' dir='ltr'><strong>potest,</strong></span> <span class='ocrx_word' id='word_1_29' title='bbox 875 986 911 1049; x_wconf 91' lang='lat' dir='ltr'><strong>ut</strong></span> <span class='ocrx_word' id='word_1_30' title='bbox 939 983 1055 1050; x_wconf 88' lang='lat' dir='ltr'><strong>mirum</strong></span> <span class='ocrx_word' id='word_1_31' title='bbox 1082 985 1229 1066; x_wconf 86' lang='lat' dir='ltr'><strong>nonsit,</strong></span> <span class='ocrx_word' id='word_1_32' title='bbox 1259 985 1288 1050; x_wconf 90' lang='lat' dir='ltr'><strong>si</strong></span> <span class='ocrx_word' id='word_1_33' title='bbox 1310 985 1344 1050; x_wconf 94' lang='lat' dir='ltr'><strong>in</strong></span> 
     </span>
     <span class='ocr_line' id='line_1_6' title="bbox 112 1089 664 1174; baseline 0 -19"><span class='ocrx_word' id='word_1_34' title='bbox 112 1091 249 1173; x_wconf 87' lang='lat' dir='ltr'><strong>legendo</strong></span> <span class='ocrx_word' id='word_1_35' title='bbox 272 1091 427 1156; x_wconf 89' lang='lat' dir='ltr'><strong>nonnulla</strong></span> <span class='ocrx_word' id='word_1_36' title='bbox 449 1089 664 1174; x_wconf 80' lang='lat' dir='ltr'><strong>praetermisi.</strong></span> 
     </span>
    </p>

    <p class='ocr_par' dir='ltr' id='par_1_4' title="bbox 111 1196 1346 1714">
     <span class='ocr_line' id='line_1_7' title="bbox 200 1196 1345 1280; baseline 0.003 -18"><span class='ocrx_word' id='word_1_37' title='bbox 200 1198 293 1264; x_wconf 89' lang='lat' dir='ltr'><strong>Inter</strong></span> <span class='ocrx_word' id='word_1_38' title='bbox 321 1199 438 1265; x_wconf 84' lang='lat' dir='ltr'><strong>eximia</strong></span> <span class='ocrx_word' id='word_1_39' title='bbox 467 1198 634 1264; x_wconf 85' lang='lat' dir='ltr'><strong>doctrinae</strong></span> <span class='ocrx_word' id='word_1_40' title='bbox 665 1196 839 1264; x_wconf 89' lang='lat' dir='ltr'><strong>Clementis</strong></span> <span class='ocrx_word' id='word_1_41' title='bbox 868 1198 1045 1280; x_wconf 78' lang='lat' dir='ltr'><strong>specimina</strong></span> <span class='ocrx_word' id='word_1_42' title='bbox 1073 1203 1301 1265; x_wconf 88' lang='lat' dir='ltr'><strong>stromatorum</strong></span> <span class='ocrx_word' id='word_1_43' title='bbox 1329 1200 1345 1265; x_wconf 95' lang='grc' dir='ltr'>Ι</span> 
     </span>
     <span class='ocr_line' id='line_1_8' title="bbox 112 1303 1343 1388; baseline 0.002 -18"><span class='ocrx_word' id='word_1_44' title='bbox 112 1310 210 1388; x_wconf 88' lang='lat' dir='ltr'><strong>caput</strong></span> <span class='ocrx_word' id='word_1_45' title='bbox 229 1308 270 1370; x_wconf 83' lang='lat'><strong>14</strong></span> <span class='ocrx_word' id='word_1_46' title='bbox 286 1304 440 1372; x_wconf 87' lang='lat' dir='ltr'><strong>habetur:</strong></span> <span class='ocrx_word' id='word_1_47' title='bbox 457 1306 551 1373; x_wconf 92' lang='lat' dir='ltr'><strong>modo</strong></span> <span class='ocrx_word' id='word_1_48' title='bbox 569 1304 743 1371; x_wconf 86' lang='lat' dir='ltr'><strong>Clementis</strong></span> <span class='ocrx_word' id='word_1_49' title='bbox 760 1303 888 1370; x_wconf 77' lang='lat' dir='ltr'><strong>auferas</strong></span> <span class='ocrx_word' id='word_1_50' title='bbox 905 1307 1143 1386; x_wconf 85' lang='lat' dir='ltr'><strong>auctoritatem,</strong></span> <span class='ocrx_word' id='word_1_51' title='bbox 1168 1309 1343 1374; x_wconf 91' lang='lat' dir='ltr'><strong>consentio.</strong></span> 
     </span>
     <span class='ocr_line' id='line_1_9' title="bbox 112 1411 1345 1496; baseline 0.002 -18"><span class='ocrx_word' id='word_1_52' title='bbox 112 1413 201 1491; x_wconf 85' lang='lat' dir='ltr'><strong>Quae</strong></span> <span class='ocrx_word' id='word_1_53' title='bbox 223 1418 372 1495; x_wconf 87' lang='lat' dir='ltr'><strong>spectant</strong></span> <span class='ocrx_word' id='word_1_54' title='bbox 395 1413 437 1478; x_wconf 87' lang='lat' dir='ltr'><strong>ad</strong></span> <span class='ocrx_word' id='word_1_55' title='bbox 451 1413 669 1496; x_wconf 82' lang='lat' dir='ltr'><strong>Pythagoram</strong></span> <span class='ocrx_word' id='word_1_56' title='bbox 692 1411 740 1478; x_wconf 89' lang='lat' dir='ltr'><strong>ita</strong></span> <span class='ocrx_word' id='word_1_57' title='bbox 756 1429 855 1494; x_wconf 87' lang='lat' dir='ltr'><strong>supra</strong></span> <span class='ocrx_word' id='word_1_58' title='bbox 869 1414 1017 1494; x_wconf 84' lang='lat' dir='ltr'><strong>tractavi,</strong></span> <span class='ocrx_word' id='word_1_59' title='bbox 1042 1418 1079 1479; x_wconf 90' lang='lat' dir='ltr'><strong>ut</strong></span> <span class='ocrx_word' id='word_1_60' title='bbox 1095 1414 1136 1478; x_wconf 88' lang='lat' dir='ltr'><strong>ad</strong></span> <span class='ocrx_word' id='word_1_61' title='bbox 1151 1415 1345 1481; x_wconf 83' lang='lat' dir='ltr'><strong>Favorinum</strong></span> 
     </span>
     <span class='ocr_line' id='line_1_10' title="bbox 111 1517 1346 1603; baseline 0.002 -18"><span class='ocrx_word' id='word_1_62' title='bbox 111 1519 277 1586; x_wconf 79' lang='lat' dir='ltr'><strong>referrem.</strong></span> <span class='ocrx_word' id='word_1_63' title='bbox 317 1521 472 1587; x_wconf 86' lang='lat' dir='ltr'><strong>Omittam</strong></span> <span class='ocrx_word' id='word_1_64' title='bbox 494 1525 666 1603; x_wconf 89' lang='lat' dir='ltr'><strong>praeterea</strong></span> <span class='ocrx_word' id='word_1_65' title='bbox 689 1517 891 1586; x_wconf 83' lang='lat' dir='ltr'><strong>Christianae</strong></span> <span class='ocrx_word' id='word_1_66' title='bbox 914 1520 1080 1602; x_wconf 84' lang='lat' dir='ltr'><strong>religionis</strong></span> <span class='ocrx_word' id='word_1_67' title='bbox 1102 1523 1289 1587; x_wconf 86' lang='lat' dir='ltr'><strong>memoriam</strong></span> <span class='ocrx_word' id='word_1_68' title='bbox 1312 1527 1346 1588; x_wconf 89' lang='lat' dir='ltr'><strong>et</strong></span> 
     </span>
     <span class='ocr_line' id='line_1_11' title="bbox 111 1626 1343 1714; baseline 0.002 -22"><span class='ocrx_word' id='word_1_69' title='bbox 111 1628 380 1710; x_wconf 89' lang='lat' dir='ltr'><strong>philosophorum</strong></span> <span class='ocrx_word' id='word_1_70' title='bbox 396 1628 615 1694; x_wconf 84' lang='lat' dir='ltr'><strong>successiones</strong></span> <span class='ocrx_word' id='word_1_71' title='bbox 632 1627 814 1712; x_wconf 87' lang='lat' dir='ltr'><strong>[dequibus</strong></span> <span class='ocrx_word' id='word_1_72' title='bbox 827 1626 865 1693; x_wconf 84' lang='lat' dir='ltr'><strong>cf.</strong></span> <span class='ocrx_word' id='word_1_73' title='bbox 879 1628 969 1693; x_wconf 89' lang='lat' dir='ltr'><strong>Diels</strong></span> <span class='ocrx_word' id='word_1_74' title='bbox 982 1628 1052 1693; x_wconf 79' lang='lat' dir='ltr'><strong>don.</strong></span> <span class='ocrx_word' id='word_1_75' title='bbox 1068 1647 1115 1710; x_wconf 89' lang='lat' dir='ltr'><strong>gr.</strong></span> <span class='ocrx_word' id='word_1_76' title='bbox 1128 1648 1159 1711; x_wconf 87' lang='lat' dir='ltr'><strong>p.</strong></span> <span class='ocrx_word' id='word_1_77' title='bbox 1171 1631 1236 1693; x_wconf 81' lang='lat'><strong>244</strong></span> <span class='ocrx_word' id='word_1_78' title='bbox 1248 1629 1343 1714; x_wconf 87' lang='lat' dir='ltr'><strong>sqq.].</strong></span> 
     </span>
    </p>

    <p class='ocr_par' dir='ltr' id='par_1_5' title="bbox 112 1733 1345 1924">
     <span class='ocr_line' id='line_1_12' title="bbox 199 1733 1345 1818; baseline 0.002 -18"><span class='ocrx_word' id='word_1_79' title='bbox 199 1735 321 1818; x_wconf 87' lang='lat' dir='ltr'><strong>Incipit</strong></span> <span class='ocrx_word' id='word_1_80' title='bbox 337 1734 483 1802; x_wconf 86' lang='lat' dir='ltr'><strong>Clemens</strong></span> <span class='ocrx_word' id='word_1_81' title='bbox 506 1739 666 1818; x_wconf 88' lang='lat' dir='ltr'><strong>aseptem</strong></span> <span class='ocrx_word' id='word_1_82' title='bbox 690 1733 891 1816; x_wconf 89' lang='lat' dir='ltr'><strong>sapientibus</strong></span> <span class='ocrx_word' id='word_1_83' title='bbox 914 1735 971 1815; x_wconf 88' lang='lat' dir='ltr'><strong>ita,</strong></span> <span class='ocrx_word' id='word_1_84' title='bbox 996 1739 1033 1800; x_wconf 90' lang='lat' dir='ltr'><strong>ut</strong></span> <span class='ocrx_word' id='word_1_85' title='bbox 1055 1736 1194 1817; x_wconf 92' lang='lat' dir='ltr'><strong>primum</strong></span> <span class='ocrx_word' id='word_1_86' title='bbox 1217 1735 1345 1802; x_wconf 86' lang='lat' dir='ltr'><strong>adferat</strong></span> 
     </span>
     <span class='ocr_line' id='line_1_13' title="bbox 112 1840 1342 1924; baseline 0.001 -17"><span class='ocrx_word' id='word_1_87' title='bbox 112 1843 263 1910; x_wconf 92' lang='lat' dir='ltr'><strong>indubios</strong></span> <span class='ocrx_word' id='word_1_88' title='bbox 276 1842 443 1908; x_wconf 87' lang='lat' dir='ltr'><strong>Thaletem</strong></span> <span class='ocrx_word' id='word_1_89' title='bbox 458 1843 606 1908; x_wconf 87' lang='lat' dir='ltr'><strong>Biantem</strong></span> <span class='ocrx_word' id='word_1_90' title='bbox 617 1842 780 1908; x_wconf 83' lang='lat' dir='ltr'><strong>Pittacum</strong></span> <span class='ocrx_word' id='word_1_91' title='bbox 792 1840 979 1907; x_wconf 89' lang='lat' dir='ltr'><strong>Cleobulum</strong></span> <span class='ocrx_word' id='word_1_92' title='bbox 993 1841 1143 1908; x_wconf 83' lang='lat' dir='ltr'><strong>Solonem</strong></span> <span class='ocrx_word' id='word_1_93' title='bbox 1161 1841 1342 1924; x_wconf 68' lang='lat' dir='ltr'><strong>Chilonem</strong></span> 
     </span>
    </p>
   </div>
   <div class='ocr_carea' id='block_1_4' title="bbox 111 1948 1343 2142">
    <p class='ocr_par' dir='ltr' id='par_1_6' title="bbox 111 1948 1343 2142">
     <span class='ocr_line' id='line_1_14' title="bbox 111 1948 1343 2033; baseline 0.002 -19"><span class='ocrx_word' id='word_1_94' title='bbox 111 1949 229 2016; x_wconf 88' lang='lat' dir='ltr'><strong>deinde</strong></span> <span class='ocrx_word' id='word_1_95' title='bbox 245 1950 351 2015; x_wconf 89' lang='lat' dir='ltr'><strong>varias</strong></span> <span class='ocrx_word' id='word_1_96' title='bbox 375 1951 415 2015; x_wconf 92' lang='lat' dir='ltr'><strong>de</strong></span> <span class='ocrx_word' id='word_1_97' title='bbox 430 1950 567 2033; x_wconf 88' lang='lat' dir='ltr'><strong>septimo</strong></span> <span class='ocrx_word' id='word_1_98' title='bbox 583 1954 729 2015; x_wconf 89' lang='lat' dir='ltr'><strong>veterum</strong></span> <span class='ocrx_word' id='word_1_99' title='bbox 744 1948 911 2030; x_wconf 89' lang='lat' dir='ltr'><strong>opiniones</strong></span> <span class='ocrx_word' id='word_1_100' title='bbox 927 1949 1112 2016; x_wconf 87' lang='lat' dir='ltr'><strong>doctissime</strong></span> <span class='ocrx_word' id='word_1_101' title='bbox 1127 1951 1174 2017; x_wconf 91' lang='lat' dir='ltr'><strong>sic</strong></span> <span class='ocrx_word' id='word_1_102' title='bbox 1189 1951 1343 2018; x_wconf 86' lang='lat' dir='ltr'><strong>subiciat:</strong></span> 
     </span>
     <span class='ocr_line' id='line_1_15' title="bbox 328 2053 1135 2142; baseline -0.001 -33"><span class='ocrx_word' id='word_1_103' title='bbox 328 2055 453 2109; x_wconf 78' lang='lat' dir='ltr'><strong>Clemens</strong></span> <span class='ocrx_word' id='word_1_104' title='bbox 472 2055 493 2108; x_wconf 93' lang='lat' dir='ltr'><strong>l.</strong></span> <span class='ocrx_word' id='word_1_105' title='bbox 727 2053 731 2142; x_wconf 63' lang='lat' dir='ltr'><strong>l</strong></span> <span class='ocrx_word' id='word_1_106' title='bbox 966 2055 1095 2110; x_wconf 84' lang='lat' dir='ltr'><strong>Laertius</strong></span> <span class='ocrx_word' id='word_1_107' title='bbox 1113 2053 1135 2109; x_wconf 92' lang='lat'><strong>1.</strong></span> 
     </span>
    </p>
   </div>
   <div class='ocr_carea' id='block_1_5' title="bbox 111 2179 1345 4460">
    <p class='ocr_par' dir='ltr' id='par_1_7' title="bbox 111 2179 1344 2268">
     <span class='ocr_line' id='line_1_16' title="bbox 111 2179 1344 2268; baseline -0.001 -20"><span class='ocrx_word' id='word_1_108' title='bbox 111 2186 130 2266; x_wconf 60' lang='grc' dir='ltr'><em>ξ</em></span> <span class='ocrx_word' id='word_1_109' title='bbox 154 2187 197 2249; x_wconf 84' lang='grc'><strong>59</strong></span> <span class='ocrx_word' id='word_1_110' title='bbox 221 2181 280 2248; x_wconf 81' lang='grc' dir='ltr'><strong>τὸν</strong></span> <span class='ocrx_word' id='word_1_111' title='bbox 295 2184 332 2248; x_wconf 75' lang='grc' dir='ltr'><strong>δὲ</strong></span> <span class='ocrx_word' id='word_1_112' title='bbox 350 2182 491 2266; x_wconf 74' lang='grc' dir='ltr'><strong><em>ἕβδομον</em></strong></span> <span class='ocrx_word' id='word_1_113' title='bbox 507 2179 539 2246; x_wconf 73' lang='grc' dir='ltr'><strong>οἱ</strong></span> <span class='ocrx_word' id='word_1_114' title='bbox 553 2181 616 2268; x_wconf 79' lang='grc' dir='ltr'><strong>μὲν</strong></span> <span class='ocrx_word' id='word_1_115' title='bbox 631 2185 702 2246; x_wconf 89' lang='grc' dir='ltr'><strong>Πε-</strong></span> <span class='ocrx_word' id='word_1_116' title='bbox 757 2183 776 2264; x_wconf 80' lang='lat'>§</span> <span class='ocrx_word' id='word_1_117' title='bbox 792 2184 834 2246; x_wconf 88' lang='grc'><strong>99</strong></span> <span class='ocrx_word' id='word_1_118' title='bbox 851 2180 906 2244; x_wconf 79' lang='grc' dir='ltr'><strong><em>καλ</em></strong></span> <span class='ocrx_word' id='word_1_119' title='bbox 922 2180 1193 2268; x_wconf 70' lang='grc' dir='ltr'><strong>Ἀριστοτέλης</strong></span> <span class='ocrx_word' id='word_1_120' title='bbox 1206 2182 1268 2264; x_wconf 78' lang='grc' dir='ltr'><strong>μὲν</strong></span> <span class='ocrx_word' id='word_1_121' title='bbox 1284 2180 1344 2247; x_wconf 80' lang='grc' dir='ltr'><strong>τὸν</strong></span> 
     </span>
    </p>

    <p class='ocr_par' dir='ltr' id='par_1_8' title="bbox 112 2287 1345 2377">
     <span class='ocr_line' id='line_1_17' title="bbox 112 2287 1345 2377; baseline -0.001 -23"><span class='ocrx_word' id='word_1_122' title='bbox 112 2291 298 2377; x_wconf 75' lang='grc' dir='ltr'><strong><em>ρίανδρον</em></strong></span> <span class='ocrx_word' id='word_1_123' title='bbox 316 2293 403 2356; x_wconf 69' lang='grc' dir='ltr'><strong><em>εἶναι</em></strong></span> <span class='ocrx_word' id='word_1_124' title='bbox 418 2289 546 2368; x_wconf 77' lang='grc' dir='ltr'><strong><em>λέγουσι</em></strong></span> <span class='ocrx_word' id='word_1_125' title='bbox 562 2289 620 2356; x_wconf 87' lang='grc' dir='ltr'><strong>τὸν</strong></span> <span class='ocrx_word' id='word_1_126' title='bbox 640 2293 702 2354; x_wconf 85' lang='grc' dir='ltr'><strong>Κο-</strong></span> <span class='ocrx_word' id='word_1_127' title='bbox 758 2287 935 2377; x_wconf 75' lang='grc' dir='ltr'><strong><em>Κορίνθιόν</em></strong></span> <span class='ocrx_word' id='word_1_128' title='bbox 972 2289 1211 2374; x_wconf 87' lang='lat' dir='ltr'><strong>[Periandrum]</strong></span> <span class='ocrx_word' id='word_1_129' title='bbox 1247 2304 1345 2374; x_wconf 78' lang='grc' dir='ltr'><strong><em>φησιν</em></strong></span> 
     </span>
    </p>

    <p class='ocr_par' dir='ltr' id='par_1_9' title="bbox 113 2393 1342 2587">
     <span class='ocr_line' id='line_1_18' title="bbox 113 2393 1342 2484; baseline -0.002 -22"><span class='ocrx_word' id='word_1_130' title='bbox 113 2403 247 2484; x_wconf 75' lang='grc' dir='ltr'><strong><em>ρλνθιον</em></strong></span> <span class='ocrx_word' id='word_1_131' title='bbox 757 2399 840 2461; x_wconf 64' lang='grc' dir='ltr'><strong><em>εἶναι</em></strong></span> <span class='ocrx_word' id='word_1_132' title='bbox 874 2395 931 2461; x_wconf 85' lang='grc' dir='ltr'><strong>τὸν</strong></span> <span class='ocrx_word' id='word_1_133' title='bbox 965 2395 1081 2481; x_wconf 86' lang='grc' dir='ltr'><strong><em>σοφόν,</em></strong></span> <span class='ocrx_word' id='word_1_134' title='bbox 1112 2393 1280 2462; x_wconf 94' lang='grc' dir='ltr'><strong><em>Πλάτων</em></strong></span> <span class='ocrx_word' id='word_1_135' title='bbox 1313 2395 1342 2460; x_wconf 83' lang='grc' dir='ltr'><strong>δ’</strong></span> 
     </span>
     <span class='ocr_line' id='line_1_19' title="bbox 758 2504 925 2587; baseline 0.006 -20"><span class='ocrx_word' id='word_1_136' title='bbox 758 2504 795 2568; x_wconf 81' lang='grc' dir='ltr'><strong>οὔ</strong></span> <span class='ocrx_word' id='word_1_137' title='bbox 820 2519 925 2587; x_wconf 83' lang='grc' dir='ltr'><strong><em>φησιν.</em></strong></span> 
     </span>
    </p>

    <p class='ocr_par' dir='ltr' id='par_1_10' title="bbox 114 2607 1342 2802">
     <span class='ocr_line' id='line_1_20' title="bbox 114 2607 1342 2697; baseline -0.001 -22"><span class='ocrx_word' id='word_1_138' title='bbox 114 2610 144 2676; x_wconf 73' lang='grc' dir='ltr'><strong>οἳ</strong></span> <span class='ocrx_word' id='word_1_139' title='bbox 167 2612 198 2676; x_wconf 89' lang='grc' dir='ltr'><strong>δ’</strong></span> <span class='ocrx_word' id='word_1_140' title='bbox 220 2607 455 2695; x_wconf 77' lang='grc' dir='ltr'><strong><em>Ἀνάχαρσιν</em></strong></span> <span class='ocrx_word' id='word_1_141' title='bbox 485 2609 544 2675; x_wconf 87' lang='grc' dir='ltr'><strong>τὸν</strong></span> <span class='ocrx_word' id='word_1_142' title='bbox 567 2607 701 2696; x_wconf 87' lang='grc' dir='ltr'><strong><em>Σκύθην</em></strong></span> <span class='ocrx_word' id='word_1_143' title='bbox 756 2610 830 2692; x_wconf 76' lang='lat'><strong>§41</strong></span> <span class='ocrx_word' id='word_1_144' title='bbox 858 2609 917 2693; x_wconf 85' lang='lat' dir='ltr'><strong>[de</strong></span> <span class='ocrx_word' id='word_1_145' title='bbox 945 2607 1124 2697; x_wconf 84' lang='lat' dir='ltr'><strong>Thalete]</strong></span> <span class='ocrx_word' id='word_1_146' title='bbox 1153 2611 1209 2676; x_wconf 87' lang='lat' dir='ltr'><strong>Ill.</strong></span> <span class='ocrx_word' id='word_1_147' title='bbox 1228 2611 1342 2695; x_wconf 81' lang='grc' dir='ltr'><strong><em>Ἔφο-</em></strong></span> 
     </span>
     <span class='ocr_line' id='line_1_21' title="bbox 756 2713 1341 2802; baseline 0.002 -21"><span class='ocrx_word' id='word_1_148' title='bbox 756 2740 819 2802; x_wconf 93' lang='grc' dir='ltr'><strong><em>ρος</em></strong></span> <span class='ocrx_word' id='word_1_149' title='bbox 834 2717 865 2780; x_wconf 88' lang='grc' dir='ltr'><strong>δ’</strong></span> <span class='ocrx_word' id='word_1_150' title='bbox 883 2713 956 2782; x_wconf 75' lang='grc' dir='ltr'><strong><em>ἀντὶ</em></strong></span> <span class='ocrx_word' id='word_1_151' title='bbox 968 2715 1125 2790; x_wconf 90' lang='grc' dir='ltr'><strong><em>Μύσωνος</em></strong></span> <span class='ocrx_word' id='word_1_152' title='bbox 1131 2715 1341 2802; x_wconf 86' lang='grc' dir='ltr'><strong><em>Ἀνάχαρσιν.</em></strong></span> 
     </span>
    </p>

    <p class='ocr_par' dir='ltr' id='par_1_11' title="bbox 114 2819 1343 3119">
     <span class='ocr_line' id='line_1_22' title="bbox 114 2819 1343 2909; baseline 0 -22"><span class='ocrx_word' id='word_1_153' title='bbox 114 2822 145 2887; x_wconf 77' lang='grc' dir='ltr'><strong>οἳ</strong></span> <span class='ocrx_word' id='word_1_154' title='bbox 160 2819 462 2908; x_wconf 74' lang='grc' dir='ltr'><strong><em>δὲἘιιιμενίδην</em></strong></span> <span class='ocrx_word' id='word_1_155' title='bbox 475 2826 533 2889; x_wconf 85' lang='grc' dir='ltr'><strong>τὸν</strong></span> <span class='ocrx_word' id='word_1_156' title='bbox 547 2827 657 2909; x_wconf 75' lang='grc' dir='ltr'><strong><em>Κρῆτα</em></strong></span> <span class='ocrx_word' id='word_1_157' title='bbox 675 2875 699 2891; x_wconf 90' lang='grc'><strong>..</strong></span> <span class='ocrx_word' id='word_1_158' title='bbox 756 2822 780 2888; x_wconf 94' lang='lat'><strong>1.</strong></span> <span class='ocrx_word' id='word_1_159' title='bbox 806 2825 1007 2909; x_wconf 81' lang='grc' dir='ltr'><strong><em>Λέανδρος</em></strong></span> <span class='ocrx_word' id='word_1_160' title='bbox 1030 2874 1059 2888; x_wconf 92' lang='grc'><strong>..</strong></span> <span class='ocrx_word' id='word_1_161' title='bbox 1085 2820 1159 2888; x_wconf 76' lang='grc' dir='ltr'><strong><em>ἀντὶ</em></strong></span> <span class='ocrx_word' id='word_1_162' title='bbox 1176 2875 1205 2888; x_wconf 95' lang='grc'><strong>..</strong></span> <span class='ocrx_word' id='word_1_163' title='bbox 1224 2823 1343 2887; x_wconf 86' lang='grc' dir='ltr'><strong><em>Μάσω-</em></strong></span> 
     </span>
     <span class='ocr_line' id='line_1_23' title="bbox 756 2928 1343 3017; baseline -0.005 -22"><span class='ocrx_word' id='word_1_164' title='bbox 756 2953 812 3006; x_wconf 90' lang='grc' dir='ltr'><strong><em>νος</em></strong></span> <span class='ocrx_word' id='word_1_165' title='bbox 836 2981 865 2996; x_wconf 95' lang='grc'><strong>..</strong></span> <span class='ocrx_word' id='word_1_166' title='bbox 890 2931 1028 3017; x_wconf 75' lang='grc' dir='ltr'><strong>ἐγκρίνει</strong></span> <span class='ocrx_word' id='word_1_167' title='bbox 1045 2929 1256 3014; x_wconf 78' lang='grc' dir='ltr'><strong><em>Ἐπιμενίδην</em></strong></span> <span class='ocrx_word' id='word_1_168' title='bbox 1282 2928 1343 2993; x_wconf 85' lang='grc' dir='ltr'><strong>τὸν</strong></span> 
     </span>
     <span class='ocr_line' id='line_1_24' title="bbox 758 3033 873 3119; baseline 0.009 -22"><span class='ocrx_word' id='word_1_169' title='bbox 758 3033 873 3119; x_wconf 77' lang='grc' dir='ltr'><strong><em>Κρῆτα.</em></strong></span> 
     </span>
    </p>

    <p class='ocr_par' dir='ltr' id='par_1_12' title="bbox 113 3129 1342 3221">
     <span class='ocr_line' id='line_1_25' title="bbox 113 3129 1342 3221; baseline -0.002 -23"><span class='ocrx_word' id='word_1_170' title='bbox 113 3133 144 3198; x_wconf 76' lang='grc' dir='ltr'><strong>οἱ</strong></span> <span class='ocrx_word' id='word_1_171' title='bbox 182 3135 213 3198; x_wconf 90' lang='grc' dir='ltr'><strong>δ’</strong></span> <span class='ocrx_word' id='word_1_172' title='bbox 248 3129 506 3201; x_wconf 75' lang='grc' dir='ltr'><strong><em>Ἀκουσίλαον</em></strong></span> <span class='ocrx_word' id='word_1_173' title='bbox 539 3133 599 3198; x_wconf 88' lang='grc' dir='ltr'><strong>τὸν</strong></span> <span class='ocrx_word' id='word_1_174' title='bbox 627 3131 701 3221; x_wconf 90' lang='grc' dir='ltr'><strong>Ἀρ-</strong></span> <span class='ocrx_word' id='word_1_175' title='bbox 756 3137 793 3201; x_wconf 90' lang='lat' dir='ltr'><strong>V.</strong></span> <span class='ocrx_word' id='word_1_176' title='bbox 819 3134 918 3200; x_wconf 86' lang='grc' dir='ltr'><strong><em>ἔνιοι</em></strong></span> <span class='ocrx_word' id='word_1_177' title='bbox 945 3137 1180 3219; x_wconf 82' lang='grc' dir='ltr'><strong><em>προστιθέασιν</em></strong></span> <span class='ocrx_word' id='word_1_178' title='bbox 1196 3129 1342 3197; x_wconf 79' lang='grc' dir='ltr'><strong><em>Ἀκουσί-</em></strong></span> 
     </span>
    </p>

    <p class='ocr_par' dir='ltr' id='par_1_13' title="bbox 113 3235 1317 3326">
     <span class='ocr_line' id='line_1_26' title="bbox 113 3235 1317 3326; baseline 0.002 -22"><span class='ocrx_word' id='word_1_179' title='bbox 113 3252 202 3318; x_wconf 75' lang='grc' dir='ltr'><strong><em>νεῖον</em></strong></span> <span class='ocrx_word' id='word_1_180' title='bbox 229 3292 257 3307; x_wconf 93' lang='grc'><strong>..</strong></span> <span class='ocrx_word' id='word_1_181' title='bbox 756 3243 840 3307; x_wconf 86' lang='grc' dir='ltr'><strong><em>λαον</em></strong></span> <span class='ocrx_word' id='word_1_182' title='bbox 864 3239 962 3324; x_wconf 79' lang='grc' dir='ltr'><strong><em>Κάβα</em></strong></span> <span class='ocrx_word' id='word_1_183' title='bbox 984 3241 1004 3326; x_wconf 79' lang='grc' dir='ltr'><em>ἢ</em></span> <span class='ocrx_word' id='word_1_184' title='bbox 1027 3239 1143 3322; x_wconf 77' lang='grc' dir='ltr'><strong><em>Σκάβα</em></strong></span> <span class='ocrx_word' id='word_1_185' title='bbox 1161 3235 1317 3324; x_wconf 77' lang='grc' dir='ltr'><strong><em>Ἀργεῖον.</em></strong></span> 
     </span>
    </p>

    <p class='ocr_par' dir='ltr' id='par_1_14' title="bbox 114 3341 699 3429">
     <span class='ocr_line' id='line_1_27' title="bbox 114 3341 699 3429; baseline 0.007 -25"><span class='ocrx_word' id='word_1_186' title='bbox 114 3343 212 3408; x_wconf 87' lang='grc' dir='ltr'><strong><em>ἄλλοι</em></strong></span> <span class='ocrx_word' id='word_1_187' title='bbox 240 3341 277 3407; x_wconf 81' lang='grc' dir='ltr'><strong>δὲ</strong></span> <span class='ocrx_word' id='word_1_188' title='bbox 301 3341 521 3429; x_wconf 76' lang='grc' dir='ltr'><strong><em>Φερεκύδην</em></strong></span> <span class='ocrx_word' id='word_1_189' title='bbox 548 3345 609 3410; x_wconf 82' lang='grc' dir='ltr'><strong>τόν</strong></span> <span class='ocrx_word' id='word_1_190' title='bbox 638 3345 699 3408; x_wconf 87' lang='grc' dir='ltr'><strong>Σύ-</strong></span> 
     </span>
    </p>

    <p class='ocr_par' dir='ltr' id='par_1_15' title="bbox 114 3468 193 3530">
     <span class='ocr_line' id='line_1_28' title="bbox 114 3468 193 3530; baseline 0.025 -21"><span class='ocrx_word' id='word_1_191' title='bbox 114 3468 193 3530; x_wconf 85' lang='grc' dir='ltr'><strong><em>ριον.</em></strong></span> 
     </span>
    </p>

    <p class='ocr_par' dir='ltr' id='par_1_16' title="bbox 119 3545 1343 3640">
     <span class='ocr_line' id='line_1_29' title="bbox 119 3545 1343 3640; baseline 0.001 -26"><span class='ocrx_word' id='word_1_192' title='bbox 119 3551 261 3617; x_wconf 78' lang='grc' dir='ltr'><strong><em>Πλάτων</em></strong></span> <span class='ocrx_word' id='word_1_193' title='bbox 283 3552 321 3615; x_wconf 73' lang='grc' dir='ltr'><strong>δὲ</strong></span> <span class='ocrx_word' id='word_1_194' title='bbox 344 3547 418 3616; x_wconf 74' lang='grc' dir='ltr'><strong><em>ἀντὶ</em></strong></span> <span class='ocrx_word' id='word_1_195' title='bbox 435 3545 637 3638; x_wconf 84' lang='grc' dir='ltr'><strong><em>Περιάνδρου</em></strong></span> <span class='ocrx_word' id='word_1_196' title='bbox 661 3550 702 3628; x_wconf 82' lang='grc' dir='ltr'><strong><em>ως</em></strong></span> <span class='ocrx_word' id='word_1_197' title='bbox 756 3553 797 3617; x_wconf 89' lang='grc' dir='ltr'><strong>Π.</strong></span> <span class='ocrx_word' id='word_1_198' title='bbox 831 3550 998 3617; x_wconf 84' lang='grc' dir='ltr'><strong><em>Πλάτων</em></strong></span> <span class='ocrx_word' id='word_1_199' title='bbox 1033 3552 1062 3614; x_wconf 88' lang='grc' dir='ltr'><strong>δ’</strong></span> <span class='ocrx_word' id='word_1_200' title='bbox 1099 3551 1141 3618; x_wconf 76' lang='grc' dir='ltr'><strong>ἐν</strong></span> <span class='ocrx_word' id='word_1_201' title='bbox 1177 3554 1343 3640; x_wconf 81' lang='grc' dir='ltr'><strong><em>Πρωτα-</em></strong></span> 
     </span>
    </p>

    <p class='ocr_par' dir='ltr' id='par_1_17' title="bbox 115 3656 1340 3746">
     <span class='ocr_line' id='line_1_30' title="bbox 115 3656 1340 3746; baseline 0.002 -25"><span class='ocrx_word' id='word_1_202' title='bbox 115 3663 255 3738; x_wconf 78' lang='grc' dir='ltr'><strong><em>αναξίοιι</em></strong></span> <span class='ocrx_word' id='word_1_203' title='bbox 293 3661 409 3742; x_wconf 78' lang='grc' dir='ltr'><strong><em>σοφίας</em></strong></span> <span class='ocrx_word' id='word_1_204' title='bbox 446 3656 505 3722; x_wconf 84' lang='grc' dir='ltr'><strong><em>διά</em></strong></span> <span class='ocrx_word' id='word_1_205' title='bbox 543 3657 581 3722; x_wconf 87' lang='grc' dir='ltr'><strong>τύ</strong></span> <span class='ocrx_word' id='word_1_206' title='bbox 619 3681 702 3723; x_wconf 84' lang='grc' dir='ltr'><strong><em>τετο-</em></strong></span> <span class='ocrx_word' id='word_1_207' title='bbox 757 3657 852 3745; x_wconf 77' lang='grc' dir='ltr'><strong><em>γόρᾳ</em></strong></span> <span class='ocrx_word' id='word_1_208' title='bbox 871 3657 1018 3724; x_wconf 80' lang='grc' dir='ltr'><strong><em>Μύσωνα</em></strong></span> <span class='ocrx_word' id='word_1_209' title='bbox 1036 3658 1110 3724; x_wconf 74' lang='grc' dir='ltr'><strong><em>άντλ</em></strong></span> <span class='ocrx_word' id='word_1_210' title='bbox 1129 3658 1340 3746; x_wconf 85' lang='grc' dir='ltr'><strong><em>Περιάνδρου.</em></strong></span> 
     </span>
    </p>

    <p class='ocr_par' dir='ltr' id='par_1_18' title="bbox 114 3764 980 3852">
     <span class='ocr_line' id='line_1_31' title="bbox 114 3764 980 3852; baseline 0.002 -23"><span class='ocrx_word' id='word_1_211' title='bbox 114 3770 309 3852; x_wconf 71' lang='grc' dir='ltr'><strong><em>ραννηκέναι</em></strong></span> <span class='ocrx_word' id='word_1_212' title='bbox 332 3764 598 3830; x_wconf 79' lang='grc' dir='ltr'><strong><em>ἄντικατατάττει</em></strong></span> <span class='ocrx_word' id='word_1_213' title='bbox 620 3765 702 3832; x_wconf 84' lang='grc' dir='ltr'><strong>Μύ-</strong></span> <span class='ocrx_word' id='word_1_214' title='bbox 977 3768 980 3773; x_wconf 59' lang='grc'><strong>’</strong></span> 
     </span>
    </p>

    <p class='ocr_par' dir='ltr' id='par_1_19' title="bbox 116 3872 960 3956">
     <span class='ocr_line' id='line_1_32' title="bbox 116 3872 960 3956; baseline -0.001 -19"><span class='ocrx_word' id='word_1_215' title='bbox 116 3890 221 3938; x_wconf 91' lang='grc' dir='ltr'><strong><em>σωνα</em></strong></span> <span class='ocrx_word' id='word_1_216' title='bbox 244 3872 314 3937; x_wconf 86' lang='grc' dir='ltr'><strong>τδν</strong></span> <span class='ocrx_word' id='word_1_217' title='bbox 337 3875 469 3956; x_wconf 81' lang='grc' dir='ltr'><strong><em>Χηνέα</em></strong></span> <span class='ocrx_word' id='word_1_218' title='bbox 492 3873 558 3938; x_wconf 88' lang='grc' dir='ltr'><strong><em>κτλ.</em></strong></span> <span class='ocrx_word' id='word_1_219' title='bbox 959 3932 960 3936; x_wconf 75' lang='grc'>,</span> 
     </span>
    </p>

    <p class='ocr_par' dir='ltr' id='par_1_20' title="bbox 116 3974 1343 4064">
     <span class='ocr_line' id='line_1_33' title="bbox 116 3974 1343 4064; baseline -0.004 -19"><span class='ocrx_word' id='word_1_220' title='bbox 116 3981 194 4062; x_wconf 81' lang='lat'><strong>§60</strong></span> <span class='ocrx_word' id='word_1_221' title='bbox 217 3977 255 4042; x_wconf 85' lang='grc' dir='ltr'><strong>τὸ</strong></span> <span class='ocrx_word' id='word_1_222' title='bbox 271 3981 334 4059; x_wconf 73' lang='grc' dir='ltr'><strong>μὲν</strong></span> <span class='ocrx_word' id='word_1_223' title='bbox 356 3974 416 4042; x_wconf 82' lang='grc' dir='ltr'><strong>οὖν</strong></span> <span class='ocrx_word' id='word_1_224' title='bbox 441 3981 557 4056; x_wconf 75' lang='grc' dir='ltr'><strong>ιγνῶθι</strong></span> <span class='ocrx_word' id='word_1_225' title='bbox 570 3979 700 4044; x_wconf 82' lang='grc' dir='ltr'><strong><em>σαυτόν’</em></strong></span> <span class='ocrx_word' id='word_1_226' title='bbox 758 3981 836 4063; x_wconf 78' lang='lat'><strong>§40</strong></span> <span class='ocrx_word' id='word_1_227' title='bbox 859 3980 918 4064; x_wconf 88' lang='lat' dir='ltr'><strong>[de</strong></span> <span class='ocrx_word' id='word_1_228' title='bbox 943 3979 1121 4062; x_wconf 84' lang='lat' dir='ltr'><strong>Thalete]</strong></span> <span class='ocrx_word' id='word_1_229' title='bbox 1149 3976 1201 4061; x_wconf 87' lang='grc' dir='ltr'><strong>[τὸ</strong></span> <span class='ocrx_word' id='word_1_230' title='bbox 1226 3977 1343 4056; x_wconf 74' lang='grc' dir='ltr'><strong>ιγνῶθι</strong></span> 
     </span>
    </p>

    <p class='ocr_par' dir='ltr' id='par_1_21' title="bbox 117 4083 1344 4460">
     <span class='ocr_line' id='line_1_34' title="bbox 117 4083 1344 4172; baseline -0.001 -22"><span class='ocrx_word' id='word_1_231' title='bbox 117 4084 148 4150; x_wconf 76' lang='lat' dir='ltr'><strong>oi</strong></span> <span class='ocrx_word' id='word_1_232' title='bbox 168 4089 230 4169; x_wconf 81' lang='grc' dir='ltr'><strong>μὲν</strong></span> <span class='ocrx_word' id='word_1_233' title='bbox 255 4084 454 4160; x_wconf 78' lang='grc' dir='ltr'><strong><em>Χείλωνος</em></strong></span> <span class='ocrx_word' id='word_1_234' title='bbox 481 4083 688 4169; x_wconf 76' lang='grc' dir='ltr'><strong><em>ὑπειλήφασι.</em></strong></span> <span class='ocrx_word' id='word_1_235' title='bbox 758 4085 901 4172; x_wconf 71' lang='grc' dir='ltr'><strong><em>σαυτόν’]</em></strong></span> <span class='ocrx_word' id='word_1_236' title='bbox 934 4083 1188 4169; x_wconf 68' lang='grc' dir='ltr'><strong><em>Ἀντισθένης</em></strong></span> <span class='ocrx_word' id='word_1_237' title='bbox 1225 4083 1256 4148; x_wconf 84' lang='grc' dir='ltr'><strong>δ’</strong></span> <span class='ocrx_word' id='word_1_238' title='bbox 1302 4083 1344 4149; x_wconf 73' lang='grc' dir='ltr'><strong>ἓν</strong></span> 
     </span>
     <span class='ocr_line' id='line_1_35' title="bbox 758 4183 1344 4273; baseline -0.01 -19"><span class='ocrx_word' id='word_1_239' title='bbox 758 4189 968 4271; x_wconf 72' lang='grc' dir='ltr'><strong><em>διαδοχαῖς</em></strong></span> <span class='ocrx_word' id='word_1_240' title='bbox 988 4183 1158 4273; x_wconf 80' lang='grc' dir='ltr'><strong><em>Φημονόης</em></strong></span> <span class='ocrx_word' id='word_1_241' title='bbox 1177 4188 1262 4250; x_wconf 65' lang='grc' dir='ltr'><strong><em>εἶναί</em></strong></span> <span class='ocrx_word' id='word_1_242' title='bbox 1284 4207 1344 4270; x_wconf 87' lang='grc' dir='ltr'><strong>φη-</strong></span> 
     </span>
     <span class='ocr_line' id='line_1_36' title="bbox 759 4284 1343 4374; baseline -0.009 -17"><span class='ocrx_word' id='word_1_243' title='bbox 759 4310 822 4373; x_wconf 88' lang='grc' dir='ltr'><strong><em>σιν,</em></strong></span> <span class='ocrx_word' id='word_1_244' title='bbox 857 4288 1167 4374; x_wconf 70' lang='grc' dir='ltr'><strong><em>ἐξιδιοποιήσασθαι</em></strong></span> <span class='ocrx_word' id='word_1_245' title='bbox 1194 4289 1225 4353; x_wconf 87' lang='grc' dir='ltr'><strong>δ’</strong></span> <span class='ocrx_word' id='word_1_246' title='bbox 1261 4284 1343 4352; x_wconf 78' lang='grc' dir='ltr'><strong><em>αὐτὸ</em></strong></span> 
     </span>
     <span class='ocr_line' id='line_1_37' title="bbox 758 4392 999 4460; baseline 0.008 -2"><span class='ocrx_word' id='word_1_247' title='bbox 758 4392 818 4460; x_wconf 78' lang='grc' dir='ltr'><strong>τὸν</strong></span> <span class='ocrx_word' id='word_1_248' title='bbox 840 4393 999 4460; x_wconf 78' lang='grc' dir='ltr'><strong><em>Χείλωνα.</em></strong></span> 
     </span>
    </p>
   </div>
   <div class='ocr_carea' id='block_1_6' title="bbox 0 0 1725 5400">
    <p class='ocr_par' dir='ltr' id='par_1_22' title="bbox 0 0 1725 5400">
     <span class='ocr_line' id='line_1_38' title="bbox 0 0 1725 5400; baseline 0 0"><span class='ocrx_word' id='word_1_249' title='bbox 0 0 1725 5400; x_wconf 95' lang='lat' dir='ltr'><strong> </strong></span> 
     </span>
    </p>
   </div>
  </div>
 </body>
</html>
