3432 5400
546 682 587 750 V.
612 681 664 750 ne
689 683 821 750 ceteris
844 681 1014 750 Furorim
1037 683 1296 767 hiogmphicis.

395 827 467 893 Non
505 825 715 908 philosophos
754 831 880 892 tantum
919 845 1029 892 verum
1068 826 1166 892 etiam
1204 826 1342 892 eliorum
1380 828 1537 893 nobilium

304 936 492 1002 memoriam
514 934 690 1000 recoluisse
712 933 927 1015 biographum
951 935 1159 1000 Laertianum
1188 953 1257 998 curn
1287 935 1343 998 alii
1372 940 1539 1000 testantur

305 1051 373 1110 tum
397 1043 460 1125 ipsi
486 1042 660 1108 ostendunt
682 1041 946 1124 homonymorum
969 1041 1101 1107 indices,
1149 1041 1270 1119 Quodsi
1292 1047 1361 1106 tam
1384 1041 1538 1124 frequens

306 1155 439 1232 superet
454 1147 720 1230 philosophorum
743 1150 909 1230 memoria,
934 1155 968 1214 et
990 1167 1093 1230 prona
1116 1153 1167 1214 est
1190 1150 1375 1214 coniectura
1392 1155 1425 1215 et
1440 1151 1538 1232 plane

305 1256 490 1321 necessarie
512 1253 711 1336 aliquantum
736 1255 835 1320 etiam
859 1255 899 1320 de
924 1256 1040 1320 ceteris
1064 1260 1206 1321 aetatem
1228 1257 1359 1337 tulisse,
1390 1258 1418 1321 si
1442 1257 1537 1322 modo

306 1365 416 1445 potest
438 1361 607 1443 repperiri.
656 1361 743 1426 Talis
771 1381 847 1428 vero
878 1361 1062 1444 disquisitio
1092 1367 1125 1426 et
1152 1361 1325 1428 moliminis
1354 1364 1464 1445 magni
1487 1368 1539 1428 est

307 1475 342 1535 et
364 1467 508 1550 periculi,
555 1467 637 1532 Nan
660 1468 884 1550 persequenda
907 1486 984 1532 raro
1007 1473 1082 1534 sunt
1104 1469 1243 1550 vestigia
1265 1488 1371 1551 neque
1396 1488 1435 1533 ea
1458 1470 1538 1534 satis

308 1595 475 1659 expressa,
511 1575 661 1657 qnoniam
690 1579 779 1640 certa
807 1575 849 1640 ed
878 1594 960 1657 quae
988 1575 1046 1640 ille
1073 1575 1243 1656 exigentur
1272 1575 1362 1640 nulle
1389 1580 1541 1658 prostent

307 1684 498 1765 fragmento.
551 1681 600 1746 Ab
629 1681 790 1764 Hesychio
821 1683 1000 1748 exeundum
1035 1687 1123 1764 puto.
1176 1683 1219 1749 Et
1248 1682 1287 1747 de
1319 1682 1381 1748 hoc
1410 1684 1538 1765 quidem

308 1792 348 1856 D.
373 1791 593 1856 Volkmennus
629 1808 700 1854 cum
732 1790 773 1855 de
807 1789 932 1856 Laertii
966 1795 1000 1856 et
1035 1789 1153 1856 Suidae
1188 1808 1310 1854 conexu
1344 1789 1537 1871 disputaret

309 1897 462 1963 nonnulle
486 1897 634 1978 exposuit
656 1914 748 1976 vern,
778 1896 843 1961 elie
873 1897 986 1978 dubie,
1019 1899 1139 1978 partim
1168 1903 1281 1979 aperte
1310 1896 1403 1962 sulse.
1450 1896 1539 1961 Haec

309 2006 388 2072 mihi
411 2010 507 2070 erunt
529 2009 587 2069 aut
609 2004 801 2086 corrigenda
824 2008 881 2070 aut
903 2004 1116 2087 reprobando.

400 2113 557 2191 Quoniam
579 2111 759 2194 Hesychius
787 2116 824 2177 ut
853 2111 919 2176 dixi
945 2111 1001 2177 ubi
1024 2111 1288 2193 philosophorum
1311 2110 1432 2176 ibidem
1455 2111 1539 2175 vites

310 2227 491 2286 ceterorum
507 2239 587 2302 quos
610 2220 735 2301 recepit
756 2238 860 2301 paene
877 2220 1019 2285 omnium
1042 2220 1164 2284 invenit
1188 2224 1366 2297 enarratas
1391 2219 1539 2299 potuit,

311 2327 339 2392 si
354 2346 423 2392 rem
439 2346 498 2408 per
513 2345 548 2392 se
561 2326 662 2392 solam
675 2332 868 2408 spectamus
885 2332 1016 2408 praeter
1028 2326 1155 2391 Aelium
1164 2326 1354 2408 Dionysium
1371 2321 1541 2410 [μουσικήν

312 2431 470 2518 ἱστορίαν]
510 2433 722 2515 Hermippum
761 2432 928 2515 Berytium
971 2433 1059 2519 [περὶ
1105 2433 1169 2497 τῶν
1209 2432 1465 2519 διοπρεψάντων
1504 2434 1542 2498 ἐν

312 2541 450 2621 παιδείᾳ
473 2536 615 2624 δούλιον]
639 2539 805 2605 Philonem
828 2539 978 2622 Byblium
1002 2539 1089 2626 [περὶ
1113 2539 1242 2604 πόλεων
1268 2539 1324 2602 καὶ
1349 2540 1406 2614 οὓς
1428 2538 1542 2626 ἑκάστη

315 2643 424 2712 αὐτῶν
458 2642 607 2722 ἐνδόξους
641 2646 773 2730 ἤνεγκεν
805 2647 843 2712 ci.
876 2647 913 2713 E.
942 2646 1056 2712 Rohde
1091 2647 1193 2712 ‘Philo
1231 2666 1293 2713 von
1325 2646 1445 2730 Byblus
1477 2647 1543 2712 und

314 2752 494 2836 Hesychius
522 2771 584 2817 von
608 2752 709 2818 Milet’
740 2771 819 2818 mue.
845 2754 934 2818 rhen.
960 2753 1096 2820 XXXIV
1119 2774 1150 2836 p.
1170 2756 1231 2818 561
1263 2754 1346 2839 squ]
1376 2755 1542 2820 consulere

316 2860 518 2942 omnigenum
541 2859 693 2926 Favorini
715 2860 894 2926 historiam.
941 2861 984 2926 Et
1007 2862 1176 2927 consuluit.

409 2971 436 3034 l.
460 2968 604 3033 Primum
626 2973 850 3050 argumentum
873 2989 1134 3052 -quemquam
1158 2970 1199 3034 nd
1223 2987 1291 3034 rem
1312 2969 1409 3051 plane
1425 2970 1543 3034 discer-

315 3075 454 3141 nendam
471 3093 673 3157 nequequam
685 3080 797 3157 aptum
815 3113 854 3122 —
873 3076 947 3142 inde
963 3077 1174 3159 repetendum
1191 3081 1250 3157 est,
1268 3077 1353 3159 quod
1370 3078 1543 3158 scriptores

316 3183 475 3249 Favorino
501 3182 589 3247 soliti
605 3182 638 3247 in
655 3182 720 3247 illis
735 3183 811 3248 vitis
827 3184 973 3264 redeunt,
997 3185 1086 3250 velut
1101 3182 1360 3268 Hermippus¹²⁴)
1384 3182 1543 3268 Duris¹²⁵)

317 3291 402 3356 Ister
412 3285 466 3374 ¹²⁸)
496 3289 681 3354 Demetrius
713 3286 921 3374 Magnes¹²⁷).
969 3291 1088 3356 Temen
1126 3296 1163 3355 ut
1197 3291 1262 3356 dixi
1297 3291 1377 3357 haec
1405 3290 1543 3358 nondum

318 3395 491 3464 sufficiunt.

409 3507 438 3571 2.
463 3504 583 3570 Verum
606 3503 755 3585 quotiens
777 3502 909 3585 probari
932 3509 1041 3585 potest
1064 3523 1103 3568 ex
1125 3503 1389 3586 homonymorum
1417 3525 1543 3587 promp-

320 3613 427 3679 tuario
442 3609 637 3692 Hesychium
654 3611 838 3692 sumpsisse,
857 3611 959 3692 digito
983 3611 1076 3692 quasi
1092 3617 1361 3676 commonstretur
1377 3614 1544 3694 omnigeno

320 3748 532 3757 ———.--

395 3821 446 3893 124)
464 3821 540 3878 Suid.
559 3838 580 3876 s.
599 3838 624 3875 v-
643 3827 770 3883 Φιλισιιος
790 3860 817 3874 ..
836 3823 902 3877 κατὰ
921 3825 951 3877 de*
962 3820 1156 3896 Ἕρμιππον
1174 3828 1332 3887 Στίλπωνος.

394 3911 445 3983 ¹²⁵)
463 3928 485 3967 s.
505 3928 530 3965 ν.
548 3909 684 3972 Πανύασις
704 3950 731 3963 ..
749 3912 867 3983 Δοῦρις
886 3914 1108 3975 &transmovere
1126 3916 1212 3968 naida
1225 3914 1381 3986 ἀνέγραψεν
1399 3918 1450 3968 κτλ.

395 4001 447 4072 ¹2⁶)
465 4017 486 4055 s.
505 4019 531 4054 v.
550 4002 653 4072 Φρῦνις
669 4000 834 4073 ..Ἴστρος
853 4004 883 4057 δε
903 4002 1017 4073 Λέσβιόν
1036 4021 1116 4072 φησιν
1134 4008 1187 4058 κτλ.

394 4089 445 4162 ¹¹¹)
462 4107 483 4145 ι.
502 4109 527 4145 v.
547 4094 716 4164 Δημοσθένης
735 4089 805 4145 conl.
824 4090 1001 4160 Pseudoplut.
1020 4110 1046 4161 p.
1068 4095 1117 4148 281
1138 4092 1283 4147 Westerm.

324 4219 351 4233 ..
371 4179 521 4250 ἐπεθύμησε
540 4181 570 4232 δὲ
588 4180 722 4250 ῥητορικῆς
743 4184 907 4251 mammea-
963 4220 989 4234 ..
1008 4179 1044 4244 ὥς
1078 4185 1107 4236 δὲ
1138 4182 1324 4254 Δημήτριος
1356 4178 1371 4235 ὃ
1403 4181 1544 4250 Μάγνης,

372 4290 417 4323 ιον
436 4268 603 4341 &orepavor
621 4269 665 4322 τὸν
684 4269 786 4341 ῥήτορα.
1010 4269 1103 4336 ἐδεήθη
1121 4272 1165 4324 τοῦ
1183 4271 1367 4340 παιδαγωγοῦ,
1386 4271 1432 4322 ἵνα
1451 4271 1545 4322 Καλλι-

1011 4359 1119 4429 στράτου
1138 4359 1244 4430 ἀκούσῃ.
