3420 5408
537 833 609 902 ΙΠ.
634 833 687 902 ne
709 831 880 902 Favorini
902 831 1079 906 ludlelbus
1101 836 1406 920 homonymorum.

446 1013 582 1080 Constat
596 1013 681 1078 inter
698 1029 808 1078 omnes
824 1019 983 1098 quotquot
998 1016 1038 1082 de
1050 1017 1216 1083 Laertiani
1232 1015 1340 1098 operis
1352 1014 1594 1098 compositione

356 1122 556 1205 seripserunt
590 1119 741 1186 Favorini
775 1121 890 1203 libros,
927 1124 1131 1207 omnigenam
1163 1124 1333 1189 historiam
1366 1129 1399 1190 et
1434 1139 1595 1204 apomue-

355 1232 570 1308 moneumata
594 1232 726 1310 praesto
748 1226 848 1296 fuisse
863 1230 928 1312 ipsi
942 1232 1089 1298 Laertio:
1112 1233 1147 1298 id
1167 1232 1254 1314 quod
1269 1236 1434 1298 asseverat
1448 1230 1531 1296 VIII
1549 1229 1593 1293 53

357 1335 411 1421 [11.
428 1334 653 1401 Nietuscheum
677 1353 756 1401 mus.
774 1336 865 1404 rhen.
881 1338 991 1404 XXIII
1015 1339 1131 1424 [1868]
1155 1359 1186 1421 p.
1206 1339 1295 1423 652]Ι
1334 1339 1480 1420 Uterque
1502 1337 1594 1402 liber

357 1443 503 1509 scatebat
526 1443 617 1508 varia
640 1443 787 1509 doctrina
811 1462 881 1510 cum
905 1446 945 1511 de
968 1446 1041 1512 aliis
1057 1450 1126 1512 tum
1142 1447 1182 1512 de
1197 1446 1397 1529 philosophis
1414 1445 1592 1528 explicata.

445 1551 538 1617 IEt
565 1551 600 1615 in
635 1555 1062 1633 apomuemoneumatis
1098 1554 1227 1637 quidem
1261 1554 1308 1619 ita
1341 1554 1515 1636 processit,
1555 1555 1595 1616 ut

356 1658 478 1724 nullum
508 1662 655 1724 servaret
684 1659 827 1725 ordinem
858 1679 917 1726 nec
940 1662 1096 1744 temporis
1118 1680 1178 1727 nee
1200 1662 1371 1743 materiae,
1401 1660 1593 1742 siquidem

356 1767 390 1832 in
405 1767 488 1833 libro
504 1767 607 1849 primo
631 1767 671 1832 de
695 1767 819 1833 duobus
835 1768 980 1850 Pietacis,
1005 1770 1045 1836 de
1061 1768 1270 1851 Xenophanis
1286 1787 1357 1836 eum
1372 1767 1593 1851 Pythagoreis

356 1874 535 1955 inimicitia,
561 1875 600 1939 de
616 1874 820 1956 Empedoclis
837 1876 968 1958 divitiis,
993 1877 1033 1942 de
1050 1877 1192 1943 Socratis
1208 1877 1378 1944 itineribus
1395 1881 1429 1942 et
1444 1876 1591 1954 erimine,
1673 1893 1674 1902 ¹

357 1983 398 2047 de
420 1982 566 2047 Platonis
590 1983 760 2063 servitute,
792 1983 832 2048 de
855 1983 1012 2050 Demetrii
1034 1983 1184 2050 Phalerei
1207 2003 1325 2066 genere
1349 1984 1517 2063 disseruit3
1558 1983 1593 2048 in

358 2091 460 2156 altero
485 2090 525 2155 de
548 2090 725 2156 Aristotele
749 2090 1021 2174 Speusippeorum
1045 2110 1178 2174 operum
1202 2096 1356 2176 emptore,
1382 2092 1422 2157 de
1446 2090 1592 2157 Cratetis

356 2197 466 2279 lepido
495 2197 633 2280 quodam
662 2197 762 2278 dieto;
798 2198 832 2263 in
861 2200 959 2264 tertio
986 2200 1026 2266 de
1049 2200 1196 2265 Platonis
1218 2204 1323 2265 morte
1347 2205 1381 2264 11
1402 2199 1592 2281 Pythagora

359 2305 555 2370 athletorum
582 2305 752 2387 nutritore,
781 2305 821 2370 de
843 2307 984 2389 Alcyone
1008 2307 1136 2390 dialogo
1165 2308 1456 2390 Pseudoplatonieo
1485 2311 1519 2372 ct
1550 2307 1592 2370 de

357 2429 492 2494 vespero
509 2411 721 2496 Luciferoque
742 2414 777 2479 in
800 2415 922 2496 quinto.
962 2416 1128 2481 Accedunt
1151 2415 1294 2482 incertae
1318 2416 1404 2481 sedis
1420 2414 1590 2498 reliquiae.

357 2521 427 2585 Iam
441 2520 599 2586 mittimus
615 2521 804 2603 Koepkeum
820 2509 934 2606 [⁶I'Iber
949 2522 1001 2588 die
1018 2527 1154 2605 gattung
1171 2523 1230 2588 der
1245 2527 1591 2605 apomuemoneumata

358 2628 392 2694 in
409 2628 466 2694 der
484 2626 602 2710 griech.
616 2628 675 2693 lit.‘
693 2648 801 2712 progr.
820 2630 877 2695 der
889 2630 1160 2696 Ritteraeademie
1172 2651 1213 2696 zu
1227 2630 1462 2713 Braudenburg
1476 2629 1590 2714 1857}

359 2736 414 2818 qui
452 2739 557 2802 totum
591 2755 671 2818 opus
711 2737 750 2802 de
784 2737 921 2803 Platone
955 2736 1054 2804 fuisse
1089 2743 1214 2804 censet:
1252 2738 1443 2804 Nietzseheo
1478 2739 1590 2820 potius

359 2843 614 2925 adsentiendum,
639 2849 801 2927 excerpta,
826 2846 910 2911 sicut
925 2846 958 2910 in
974 2845 1111 2928 legendo
1136 2846 1347 2928 montfarto,
1372 2847 1406 2912 in
1428 2845 1590 2912 conlecta-

358 2969 492 3016 neorum
507 2953 764 3034 promptuarium
778 2958 851 3018 rato
867 2954 1027 3019 translata
1044 2973 1125 3020 esse.
1156 2955 1318 3021 Utebatur
1333 2957 1366 3020 in
1383 2973 1590 3038 apomuemo·

359 3059 520 3124 neumatis
535 3059 714 3125 Favorinus
729 3061 887 3127 Demetrii
903 3062 1065 3144 Magnetis
1081 3062 1155 3148 περὶ
1171 3058 1354 3146 ὁμωνύμων
1376 3062 1459 3128 libro
1484 3062 1514 3146 [l
1531 3060 1589 3144 79]

360 3166 565 3249 Theopompo
582 3167 713 3251 [11140]
729 3168 905 3235 Aristotele
920 3169 993 3255 περὶ
1007 3169 1151 3255 ποιητῶν
1167 3170 1228 3254 [ΙΠ
1240 3172 1297 3256 48]
1313 3170 1405 3236 Nicia
1417 3169 1590 3236 Nicaeensi

359 3272 396 3338 ἐν
423 3277 468 3361 τῷ
497 3271 581 3339 κατὰ
607 3273 782 3352 Πλάτωνος
812 3276 973 3364 διατριβῆς
997 3277 1034 3343 11.
1060 3277 1145 3344 infra
1167 3298 1197 3360 p.
1217 3275 1333 3366 80]⁴⁶).
1381 3278 1495 3343 Plures
1523 3296 1589 3344 non

358 3380 496 3446 invenio.

448 3488 488 3554 11.
514 3488 644 3555 Plenior
660 3490 700 3555 de
716 3491 919 3573 omnigena
934 3491 1109 3558 historia
1123 3492 1217 3558 nobis
1232 3492 1415 3559 Nietzschai
1430 3490 1589 3558 beneficio

360 3595 477 3678 obtigit
501 3597 641 3679 cognitio
665 3602 699 3662 et
723 3599 902 3664 accuratior
926 3601 989 3665 etsi
1012 3619 1215 3683 nequaquam
1238 3599 1382 3682 perfecta
1404 3600 1469 3665 iam
1490 3604 1589 3682 atque

360 3703 517 3770 conclusa.
557 3704 607 3768 Ex
621 3703 881 3770 hae‘Nietzschei
898 3706 1116 3788 disputatione
1133 3705 1227 3790 [mus.
1243 3707 1332 3772 rhen.
1346 3707 1456 3772 XXHI
1471 3707 1589 3791 [1868]

359 3830 391 3893 p.
410 3811 611 3891 642-653,
656 3814 765 3876 111111
801 3811 938 3896 leviora]
978 3815 1118 3880 omnium
1156 3818 1315 3897 quotquot
1353 3813 1455 3880 edidit
1492 3813 1590 3896 longe

359 3916 640 3999 praestantissima
667 3917 885 3984 necessarium
914 3923 965 3986 est
993 3921 1151 4004 condigna
1179 3921 1262 3987 scitu
1284 3919 1448 4003 praefari,
1483 3925 1521 3985 ut
1547 3921 1591 3987 iis

430 4179 468 4250 4⁶)
490 4180 603 4235 Iucaute
622 4179 805 4238 Nietzscheus
827 4199 854 4252 p.
874 4185 924 4240 651
945 4199 985 4252 sq.
1008 4189 1156 4255 propterea
1181 4185 1255 4254 quod
1278 4185 1429 4242 FarorInus
1449 4193 1478 4241 et
1494 4185 1591 4242 Nicias

359 4270 533 4324 consentiunt
558 4285 620 4324 eum
644 4270 794 4327 Aristotele
816 4273 910 4342 posuit
930 4273 1097 4330 Favorinum
1120 4289 1155 4330 ex
1176 4273 1256 4331 Nicia
1276 4275 1399 4332 hausisse
1421 4273 1468 4346 [cf.
1487 4276 1591 4331 Athen.

362 4358 402 4411 XI
420 4375 447 4428 p.
466 4358 578 4428 5180]Ι
