<?xml version="1.0" encoding="UTF-8"?>
<!DOCTYPE html PUBLIC "-//W3C//DTD XHTML 1.0 Transitional//EN"
    "http://www.w3.org/TR/xhtml1/DTD/xhtml1-transitional.dtd">
<html xmlns="http://www.w3.org/1999/xhtml" xml:lang="en" lang="en">
 <head>
  <title>
</title>
<meta http-equiv="Content-Type" content="text/html;charset=utf-8" />
  <meta name='ocr-system' content='tesseract 3.04.00' />
  <meta name='ocr-capabilities' content='ocr_page ocr_carea ocr_par ocr_line ocrx_word'/>
</head>
<body>
  <div class='ocr_page' id='page_1' title='image "./debiographisgra01maasgoog_0034.png"; bbox 0 0 3420 5408; ppageno 0'>
   <div class='ocr_carea' id='block_1_1' title="bbox 1287 473 1330 538">
    <p class='ocr_par' dir='ltr' id='par_1_1' title="bbox 1287 473 1330 538">
     <span class='ocr_line' id='line_1_1' title="bbox 1287 473 1330 538; baseline 0.047 -2"><span class='ocrx_word' id='word_1_1' title='bbox 1287 473 1330 538; x_wconf 80' lang='lat'>29</span> 
     </span>
    </p>
   </div>
   <div class='ocr_carea' id='block_1_2' title="bbox 98 644 1336 3410">
    <p class='ocr_par' dir='ltr' id='par_1_2' title="bbox 98 644 1336 3410">
     <span class='ocr_line' id='line_1_2' title="bbox 100 644 1336 733; baseline 0.005 -23"><span class='ocrx_word' id='word_1_2' title='bbox 100 652 253 733; x_wconf 73' lang='grc' dir='ltr'>τερατείᾳ</span> <span class='ocrx_word' id='word_1_3' title='bbox 289 644 490 726; x_wconf 81' lang='grc' dir='ltr'><strong><em>χυναικυίδει.</em></strong></span> <span class='ocrx_word' id='word_1_4' title='bbox 549 645 685 712; x_wconf 86' lang='lat' dir='ltr'><strong>Omnino</strong></span> <span class='ocrx_word' id='word_1_5' title='bbox 717 647 751 712; x_wconf 93' lang='lat' dir='ltr'>in</span> <span class='ocrx_word' id='word_1_6' title='bbox 786 647 942 730; x_wconf 81' lang='lat' dir='ltr'>catalogis</span> <span class='ocrx_word' id='word_1_7' title='bbox 976 649 1198 730; x_wconf 83' lang='lat' dir='ltr'>cognominum</span> <span class='ocrx_word' id='word_1_8' title='bbox 1232 652 1336 733; x_wconf 81' lang='lat' dir='ltr'>magis</span> 
     </span>
     <span class='ocr_line' id='line_1_3' title="bbox 100 753 1336 837; baseline 0.002 -17"><span class='ocrx_word' id='word_1_9' title='bbox 100 753 253 820; x_wconf 77' lang='lat' dir='ltr'>ferumtur</span> <span class='ocrx_word' id='word_1_10' title='bbox 287 756 327 820; x_wconf 90' lang='lat' dir='ltr'>de</span> <span class='ocrx_word' id='word_1_11' title='bbox 365 754 457 820; x_wconf 91' lang='lat' dir='ltr'>libris</span> <span class='ocrx_word' id='word_1_12' title='bbox 492 753 611 819; x_wconf 90' lang='lat' dir='ltr'>iudicia</span> <span class='ocrx_word' id='word_1_13' title='bbox 649 773 745 836; x_wconf 90' lang='lat' dir='ltr'>quam</span> <span class='ocrx_word' id='word_1_14' title='bbox 782 755 850 820; x_wconf 87' lang='lat' dir='ltr'>veri</span> <span class='ocrx_word' id='word_1_15' title='bbox 886 754 1097 837; x_wconf 80' lang='lat' dir='ltr'><strong>designantur</strong></span> <span class='ocrx_word' id='word_1_16' title='bbox 1131 757 1233 822; x_wconf 92' lang='lat' dir='ltr'>tituli:</span> <span class='ocrx_word' id='word_1_17' title='bbox 1273 758 1336 823; x_wconf 90' lang='lat' dir='ltr'>huc</span> 
     </span>
     <span class='ocr_line' id='line_1_4' title="bbox 100 859 1336 943; baseline 0.004 -18"><span class='ocrx_word' id='word_1_18' title='bbox 100 861 307 928; x_wconf 84' lang='lat' dir='ltr'>referendum</span> <span class='ocrx_word' id='word_1_19' title='bbox 330 861 489 928; x_wconf 89' lang='lat' dir='ltr'>Theodori</span> <span class='ocrx_word' id='word_1_20' title='bbox 505 861 668 926; x_wconf 88' lang='lat' dir='ltr'>Gadareni</span> <span class='ocrx_word' id='word_1_21' title='bbox 690 862 819 943; x_wconf 80' lang='grc' dir='ltr'><strong><em>βιβλίον</em></strong></span> <span class='ocrx_word' id='word_1_22' title='bbox 841 859 1012 940; x_wconf 86' lang='grc' dir='ltr'><strong><em>ποίχκαλον</em></strong></span> <span class='ocrx_word' id='word_1_23' title='bbox 1034 860 1146 928; x_wconf 89' lang='lat'>11103</span> <span class='ocrx_word' id='word_1_24' title='bbox 1172 869 1205 928; x_wconf 89' lang='lat' dir='ltr'>et</span> <span class='ocrx_word' id='word_1_25' title='bbox 1228 865 1336 930; x_wconf 89' lang='lat' dir='ltr'>Xeno-</span> 
     </span>
     <span class='ocr_line' id='line_1_5' title="bbox 101 965 1335 1056; baseline 0.004 -24"><span class='ocrx_word' id='word_1_26' title='bbox 101 969 203 1034; x_wconf 81' lang='lat' dir='ltr'><strong>cratis</strong></span> <span class='ocrx_word' id='word_1_27' title='bbox 219 966 403 1050; x_wconf 87' lang='lat' dir='ltr'>philosophi</span> <span class='ocrx_word' id='word_1_28' title='bbox 418 966 542 1049; x_wconf 77' lang='grc' dir='ltr'><strong><em>ἐλιχεία</em></strong></span> <span class='ocrx_word' id='word_1_29' title='bbox 559 965 616 1030; x_wconf 81' lang='grc' dir='ltr'>οὐκ</span> <span class='ocrx_word' id='word_1_30' title='bbox 639 967 785 1050; x_wconf 77' lang='grc' dir='ltr'><strong><em>ἐπιτυχής</em></strong></span> <span class='ocrx_word' id='word_1_31' title='bbox 807 967 852 1032; x_wconf 89' lang='lat' dir='ltr'>IV</span> <span class='ocrx_word' id='word_1_32' title='bbox 878 970 918 1032; x_wconf 88' lang='lat'>15</span> <span class='ocrx_word' id='word_1_33' title='bbox 943 974 1002 1034; x_wconf 86' lang='lat' dir='ltr'>etc.</span> <span class='ocrx_word' id='word_1_34' title='bbox 1027 1007 1072 1016; x_wconf 99' lang='lat'><em>-</em></span> <span class='ocrx_word' id='word_1_35' title='bbox 1096 970 1197 1036; x_wconf 91' lang='lat' dir='ltr'>Sunto</span> <span class='ocrx_word' id='word_1_36' title='bbox 1222 973 1335 1056; x_wconf 76' lang='lat' dir='ltr'>‘ptoc-</span> 
     </span>
     <span class='ocr_line' id='line_1_6' title="bbox 100 1073 1335 1161; baseline 0.006 -25"><span class='ocrx_word' id='word_1_37' title='bbox 100 1078 183 1159; x_wconf 60' lang='grc' dir='ltr'><strong><em>ρίαν</em></strong></span> <span class='ocrx_word' id='word_1_38' title='bbox 207 1095 247 1140; x_wconf 79' lang='lat' dir='ltr'>eu</span> <span class='ocrx_word' id='word_1_39' title='bbox 270 1079 459 1157; x_wconf 76' lang='lat' dir='ltr'>argrmrento</span> <span class='ocrx_word' id='word_1_40' title='bbox 482 1073 559 1138; x_wconf 91' lang='lat' dir='ltr'>libri</span> <span class='ocrx_word' id='word_1_41' title='bbox 581 1075 718 1156; x_wconf 86' lang='lat' dir='ltr'>petitae:</span> <span class='ocrx_word' id='word_1_42' title='bbox 745 1075 850 1157; x_wconf 87' lang='lat' dir='ltr'>qualis</span> <span class='ocrx_word' id='word_1_43' title='bbox 878 1081 950 1140; x_wconf 91' lang='lat' dir='ltr'>erat</span> <span class='ocrx_word' id='word_1_44' title='bbox 978 1078 1118 1158; x_wconf 83' lang='lat' dir='ltr'>genuina</span> <span class='ocrx_word' id='word_1_45' title='bbox 1144 1079 1335 1161; x_wconf 78' lang='lat' dir='ltr'>inscriptio?</span> 
     </span>
     <span class='ocr_line' id='line_1_7' title="bbox 100 1181 1336 1264; baseline 0.005 -20"><span class='ocrx_word' id='word_1_46' title='bbox 100 1181 261 1246; x_wconf 86' lang='lat' dir='ltr'>Nimirum</span> <span class='ocrx_word' id='word_1_47' title='bbox 285 1185 407 1264; x_wconf 79' lang='grc' dir='ltr'><strong><em>Λλοχαι</em></strong></span> <span class='ocrx_word' id='word_1_48' title='bbox 438 1199 508 1246; x_wconf 90' lang='lat' dir='ltr'>cum</span> <span class='ocrx_word' id='word_1_49' title='bbox 539 1199 598 1246; x_wconf 87' lang='lat' dir='ltr'>sua</span> <span class='ocrx_word' id='word_1_50' title='bbox 627 1186 742 1262; x_wconf 90' lang='lat' dir='ltr'>sponte</span> <span class='ocrx_word' id='word_1_51' title='bbox 771 1187 943 1248; x_wconf 89' lang='lat' dir='ltr'>occurrunt</span> <span class='ocrx_word' id='word_1_52' title='bbox 972 1187 1040 1248; x_wconf 93' lang='lat' dir='ltr'>tum</span> <span class='ocrx_word' id='word_1_53' title='bbox 1065 1183 1293 1251; x_wconf 89' lang='lat' dir='ltr'>confirmantur</span> <span class='ocrx_word' id='word_1_54' title='bbox 1316 1205 1336 1250; x_wconf 92' lang='lat' dir='ltr'>a</span> 
     </span>
     <span class='ocr_line' id='line_1_8' title="bbox 99 1287 1333 1378; baseline 0.006 -28"><span class='ocrx_word' id='word_1_55' title='bbox 99 1287 218 1354; x_wconf 89' lang='lat' dir='ltr'>Photio</span> <span class='ocrx_word' id='word_1_56' title='bbox 243 1288 331 1372; x_wconf 92' lang='lat' dir='ltr'>[hinc</span> <span class='ocrx_word' id='word_1_57' title='bbox 356 1288 472 1355; x_wconf 86' lang='lat' dir='ltr'>Suidas</span> <span class='ocrx_word' id='word_1_58' title='bbox 496 1293 529 1352; x_wconf 90' lang='lat' dir='ltr'>et</span> <span class='ocrx_word' id='word_1_59' title='bbox 551 1288 613 1352; x_wconf 87' lang='lat' dir='ltr'>lex.</span> <span class='ocrx_word' id='word_1_60' title='bbox 638 1288 838 1354; x_wconf 90' lang='lat' dir='ltr'>Bachmanni</span> <span class='ocrx_word' id='word_1_61' title='bbox 861 1308 885 1354; x_wconf 92' lang='lat' dir='ltr'>s.</span> <span class='ocrx_word' id='word_1_62' title='bbox 903 1288 947 1374; x_wconf 86' lang='lat' dir='ltr'>v.]</span> <span class='ocrx_word' id='word_1_63' title='bbox 972 1308 997 1355; x_wconf 91' lang='lat' dir='ltr'>s.</span> <span class='ocrx_word' id='word_1_64' title='bbox 1015 1309 1043 1354; x_wconf 91' lang='lat' dir='ltr'>v.</span> <span class='ocrx_word' id='word_1_65' title='bbox 1068 1288 1204 1377; x_wconf 78' lang='grc' dir='ltr'><strong><em>λέσχη·</em></strong></span> <span class='ocrx_word' id='word_1_66' title='bbox 1229 1290 1333 1378; x_wconf 79' lang='grc' dir='ltr'><strong><em>πολλὴ</em></strong></span> 
     </span>
     <span class='ocr_line' id='line_1_9' title="bbox 100 1392 1334 1488; baseline 0.006 -32"><span class='ocrx_word' id='word_1_67' title='bbox 100 1392 224 1479; x_wconf 78' lang='grc' dir='ltr'><strong><em>ὁμιλία,</em></strong></span> <span class='ocrx_word' id='word_1_68' title='bbox 249 1395 440 1481; x_wconf 80' lang='grc' dir='ltr'><strong><em>φλυαρία·</em></strong></span> <span class='ocrx_word' id='word_1_69' title='bbox 464 1393 500 1458; x_wconf 83' lang='grc' dir='ltr'><strong><em>τὸ</em></strong></span> <span class='ocrx_word' id='word_1_70' title='bbox 525 1393 562 1459; x_wconf 80' lang='grc' dir='ltr'>δὲ</span> <span class='ocrx_word' id='word_1_71' title='bbox 584 1395 730 1461; x_wconf 81' lang='grc' dir='ltr'><strong><em>παλαιὸν</em></strong></span> <span class='ocrx_word' id='word_1_72' title='bbox 754 1394 806 1478; x_wconf 82' lang='lat' dir='ltr'>[cl.</span> <span class='ocrx_word' id='word_1_73' title='bbox 828 1396 985 1479; x_wconf 80' lang='lat' dir='ltr'>Harpocr.</span> <span class='ocrx_word' id='word_1_74' title='bbox 1003 1415 1028 1462; x_wconf 80' lang='lat' dir='ltr'>S.</span> <span class='ocrx_word' id='word_1_75' title='bbox 1046 1396 1090 1480; x_wconf 89' lang='lat' dir='ltr'>v.]</span> <span class='ocrx_word' id='word_1_76' title='bbox 1114 1395 1151 1462; x_wconf 78' lang='lat' dir='ltr'>ai</span> <span class='ocrx_word' id='word_1_77' title='bbox 1173 1400 1334 1488; x_wconf 74' lang='grc' dir='ltr'><strong><em>καθέδραι</em></strong></span> 
     </span>
     <span class='ocr_line' id='line_1_10' title="bbox 99 1500 1333 1590; baseline 0.005 -26"><span class='ocrx_word' id='word_1_78' title='bbox 99 1507 157 1565; x_wconf 82' lang='grc' dir='ltr'><strong><em>καὶ</em></strong></span> <span class='ocrx_word' id='word_1_79' title='bbox 185 1500 218 1566; x_wconf 77' lang='grc' dir='ltr'>οἳ</span> <span class='ocrx_word' id='word_1_80' title='bbox 245 1500 338 1568; x_wconf 81' lang='grc' dir='ltr'><strong><em>τόποι</em></strong></span> <span class='ocrx_word' id='word_1_81' title='bbox 372 1501 409 1568; x_wconf 77' lang='grc' dir='ltr'><strong><em>ἐν</em></strong></span> <span class='ocrx_word' id='word_1_82' title='bbox 443 1501 489 1579; x_wconf 67' lang='lat' dir='ltr'>oie</span> <span class='ocrx_word' id='word_1_83' title='bbox 524 1501 687 1568; x_wconf 72' lang='grc' dir='ltr'><strong><em>εἰώθεσαν</em></strong></span> <span class='ocrx_word' id='word_1_84' title='bbox 720 1503 911 1588; x_wconf 79' lang='grc' dir='ltr'><strong><em>φιλοσοφεῖν</em></strong></span> <span class='ocrx_word' id='word_1_85' title='bbox 950 1500 1183 1590; x_wconf 71' lang='grc' dir='ltr'><strong><em>ἀθροιζόμενοι</em></strong></span> <span class='ocrx_word' id='word_1_86' title='bbox 1217 1505 1333 1587; x_wconf 81' lang='grc' dir='ltr'><strong><em>λέσχαι</em></strong></span> 
     </span>
     <span class='ocr_line' id='line_1_11' title="bbox 99 1606 1333 1696; baseline 0.006 -25"><span class='ocrx_word' id='word_1_87' title='bbox 99 1609 294 1675; x_wconf 75' lang='grc' dir='ltr'><strong><em>ἐκαλοῦντο·</em></strong></span> <span class='ocrx_word' id='word_1_88' title='bbox 319 1606 419 1684; x_wconf 80' lang='grc' dir='ltr'><strong><em>οὕτως</em></strong></span> <span class='ocrx_word' id='word_1_89' title='bbox 435 1609 513 1694; x_wconf 81' lang='grc' dir='ltr'><strong><em>φησὶ</em></strong></span> <span class='ocrx_word' id='word_1_90' title='bbox 531 1609 587 1673; x_wconf 78' lang='grc' dir='ltr'><strong><em>καί</em></strong></span> <span class='ocrx_word' id='word_1_91' title='bbox 603 1608 765 1696; x_wconf 79' lang='grc' dir='ltr'><strong><em>Ἱεροκλῆς</em></strong></span> <span class='ocrx_word' id='word_1_92' title='bbox 787 1609 824 1676; x_wconf 81' lang='grc' dir='ltr'><strong><em>ἐν</em></strong></span> <span class='ocrx_word' id='word_1_93' title='bbox 844 1609 875 1672; x_wconf 83' lang='grc' dir='ltr'><strong><em>α’</em></strong></span> <span class='ocrx_word' id='word_1_94' title='bbox 893 1610 1194 1696; x_wconf 82' lang='grc' dir='ltr'><strong><em>φιλοσοφουμένων.</em></strong></span> <span class='ocrx_word' id='word_1_95' title='bbox 1233 1613 1333 1695; x_wconf 81' lang='lat' dir='ltr'>Atqui</span> 
     </span>
     <span class='ocr_line' id='line_1_12' title="bbox 98 1716 1333 1803; baseline 0.002 -21"><span class='ocrx_word' id='word_1_96' title='bbox 98 1717 183 1782; x_wconf 89' lang='lat' dir='ltr'>hene</span> <span class='ocrx_word' id='word_1_97' title='bbox 210 1717 355 1782; x_wconf 89' lang='lat' dir='ltr'>novimus</span> <span class='ocrx_word' id='word_1_98' title='bbox 383 1718 596 1803; x_wconf 80' lang='grc' dir='ltr'><strong><em>λεσχηνευτὴν</em></strong></span> <span class='ocrx_word' id='word_1_99' title='bbox 618 1716 824 1782; x_wconf 84' lang='lat' dir='ltr'>Heraclidem</span> <span class='ocrx_word' id='word_1_100' title='bbox 846 1717 1015 1782; x_wconf 90' lang='lat' dir='ltr'>Ponticum</span> <span class='ocrx_word' id='word_1_101' title='bbox 1044 1719 1215 1800; x_wconf 86' lang='lat' dir='ltr'>minorem,</span> <span class='ocrx_word' id='word_1_102' title='bbox 1244 1719 1333 1784; x_wconf 88' lang='lat' dir='ltr'>velut</span> 
     </span>
     <span class='ocr_line' id='line_1_13' title="bbox 100 1820 1334 1913; baseline 0.002 -25"><span class='ocrx_word' id='word_1_103' title='bbox 100 1843 140 1889; x_wconf 81' lang='lat' dir='ltr'>eu</span> <span class='ocrx_word' id='word_1_104' title='bbox 163 1825 359 1891; x_wconf 86' lang='lat' dir='ltr'>Artemidori</span> <span class='ocrx_word' id='word_1_105' title='bbox 384 1824 604 1890; x_wconf 90' lang='lat' dir='ltr'>Onirocriticis</span> <span class='ocrx_word' id='word_1_106' title='bbox 627 1824 672 1889; x_wconf 90' lang='lat' dir='ltr'>IV</span> <span class='ocrx_word' id='word_1_107' title='bbox 697 1820 788 1907; x_wconf 79' lang='lat'>63²⁶)</span> <span class='ocrx_word' id='word_1_108' title='bbox 811 1828 846 1889; x_wconf 89' lang='lat' dir='ltr'>et</span> <span class='ocrx_word' id='word_1_109' title='bbox 863 1823 980 1890; x_wconf 86' lang='lat' dir='ltr'>Suidae</span> <span class='ocrx_word' id='word_1_110' title='bbox 1004 1824 1106 1891; x_wconf 85' lang='lat' dir='ltr'>lexico</span> <span class='ocrx_word' id='word_1_111' title='bbox 1131 1844 1156 1891; x_wconf 92' lang='lat' dir='ltr'>s.</span> <span class='ocrx_word' id='word_1_112' title='bbox 1181 1847 1209 1892; x_wconf 88' lang='lat' dir='ltr'>v.</span> <span class='ocrx_word' id='word_1_113' title='bbox 1230 1824 1334 1913; x_wconf 83' lang='grc' dir='ltr'><strong><em>Ἡρα-</em></strong></span> 
     </span>
     <span class='ocr_line' id='line_1_14' title="bbox 99 1919 1332 2017; baseline 0.005 -25"><span class='ocrx_word' id='word_1_114' title='bbox 99 1928 286 2017; x_wconf 75' lang='grc' dir='ltr'><strong><em>κλείδης”),</em></strong></span> <span class='ocrx_word' id='word_1_115' title='bbox 304 1932 359 2014; x_wconf 91' lang='lat' dir='ltr'>qui</span> <span class='ocrx_word' id='word_1_116' title='bbox 371 1937 450 2015; x_wconf 87' lang='lat' dir='ltr'>quot</span> <span class='ocrx_word' id='word_1_117' title='bbox 461 1931 648 1998; x_wconf 73' lang='lat' dir='ltr'>historiolae</span> <span class='ocrx_word' id='word_1_118' title='bbox 662 1935 756 2010; x_wconf 85' lang='grc' dir='ltr'><strong><em>ξένας</em></strong></span> <span class='ocrx_word' id='word_1_119' title='bbox 769 1937 824 1995; x_wconf 81' lang='grc' dir='ltr'><strong><em>καὶ</em></strong></span> <span class='ocrx_word' id='word_1_120' title='bbox 837 1925 1010 2016; x_wconf 77' lang='grc' dir='ltr'><strong><em>ἀτρίπτους</em></strong></span> <span class='ocrx_word' id='word_1_121' title='bbox 1020 1936 1054 1996; x_wconf 85' lang='lat' dir='ltr'>et</span> <span class='ocrx_word' id='word_1_122' title='bbox 1065 1919 1332 2017; x_wconf 79' lang='grc' dir='ltr'><strong><em>δυσερμηνεύτους</em></strong></span> 
     </span>
     <span class='ocr_line' id='line_1_15' title="bbox 99 2037 1333 2120; baseline 0.002 -18"><span class='ocrx_word' id='word_1_123' title='bbox 99 2042 224 2118; x_wconf 83' lang='grc' dir='ltr'><strong><em>Λέσχαι</em></strong></span> <span class='ocrx_word' id='word_1_124' title='bbox 252 2038 435 2104; x_wconf 85' lang='lat' dir='ltr'>Heraclidis</span> <span class='ocrx_word' id='word_1_125' title='bbox 465 2037 742 2120; x_wconf 86' lang='lat' dir='ltr'>hendecasyllabis</span> <span class='ocrx_word' id='word_1_126' title='bbox 772 2037 910 2118; x_wconf 91' lang='lat' dir='ltr'>scriptas</span> <span class='ocrx_word' id='word_1_127' title='bbox 943 2038 1232 2120; x_wconf 80' lang='lat' dir='ltr'>complecterentur</span> <span class='ocrx_word' id='word_1_128' title='bbox 1266 2044 1333 2105; x_wconf 88' lang='lat' dir='ltr'>tra·</span> 
     </span>
     <span class='ocr_line' id='line_1_16' title="bbox 99 2143 1332 2226; baseline 0.002 -18"><span class='ocrx_word' id='word_1_129' title='bbox 99 2144 260 2210; x_wconf 88' lang='lat' dir='ltr'>didernnt.</span> <span class='ocrx_word' id='word_1_130' title='bbox 300 2145 386 2212; x_wconf 90' lang='lat' dir='ltr'>Luce</span> <span class='ocrx_word' id='word_1_131' title='bbox 408 2146 525 2210; x_wconf 89' lang='lat' dir='ltr'>clarius</span> <span class='ocrx_word' id='word_1_132' title='bbox 542 2150 592 2210; x_wconf 88' lang='lat' dir='ltr'>est</span> <span class='ocrx_word' id='word_1_133' title='bbox 615 2144 699 2209; x_wconf 91' lang='lat' dir='ltr'>hunc</span> <span class='ocrx_word' id='word_1_134' title='bbox 714 2143 912 2209; x_wconf 82' lang='lat' dir='ltr'>Leschsrum</span> <span class='ocrx_word' id='word_1_135' title='bbox 928 2148 1058 2226; x_wconf 87' lang='lat' dir='ltr'>poetam</span> <span class='ocrx_word' id='word_1_136' title='bbox 1075 2149 1109 2210; x_wconf 91' lang='lat' dir='ltr'>et</span> <span class='ocrx_word' id='word_1_137' title='bbox 1124 2144 1332 2212; x_wconf 86' lang='lat' dir='ltr'>Laertianum</span> 
     </span>
     <span class='ocr_line' id='line_1_17' title="bbox 99 2251 1332 2335; baseline 0.002 -20"><span class='ocrx_word' id='word_1_138' title='bbox 99 2268 178 2316; x_wconf 87' lang='lat' dir='ltr'>esse</span> <span class='ocrx_word' id='word_1_139' title='bbox 199 2251 405 2318; x_wconf 88' lang='lat' dir='ltr'>Heraclidem</span> <span class='ocrx_word' id='word_1_140' title='bbox 432 2252 601 2318; x_wconf 90' lang='lat' dir='ltr'>Ponticum</span> <span class='ocrx_word' id='word_1_141' title='bbox 628 2252 785 2316; x_wconf 87' lang='lat' dir='ltr'>minorem</span> <span class='ocrx_word' id='word_1_142' title='bbox 816 2255 850 2316; x_wconf 91' lang='lat' dir='ltr'>et</span> <span class='ocrx_word' id='word_1_143' title='bbox 883 2257 958 2333; x_wconf 89' lang='lat' dir='ltr'>post</span> <span class='ocrx_word' id='word_1_144' title='bbox 985 2251 1157 2335; x_wconf 89' lang='lat' dir='ltr'>Didymum</span> <span class='ocrx_word' id='word_1_145' title='bbox 1185 2257 1332 2334; x_wconf 88' lang='lat' dir='ltr'>tempore</span> 
     </span>
     <span class='ocr_line' id='line_1_18' title="bbox 100 2357 1331 2443; baseline 0.002 -21"><span class='ocrx_word' id='word_1_146' title='bbox 100 2357 221 2422; x_wconf 81' lang='lat' dir='ltr'>liberii</span> <span class='ocrx_word' id='word_1_147' title='bbox 255 2357 402 2424; x_wconf 89' lang='lat' dir='ltr'>floruisse</span> <span class='ocrx_word' id='word_1_148' title='bbox 437 2359 491 2443; x_wconf 88' lang='lat' dir='ltr'>[cf.</span> <span class='ocrx_word' id='word_1_149' title='bbox 520 2359 682 2424; x_wconf 86' lang='lat' dir='ltr'>Meinelrei</span> <span class='ocrx_word' id='word_1_150' title='bbox 717 2359 800 2424; x_wconf 87' lang='lat' dir='ltr'>anal.</span> <span class='ocrx_word' id='word_1_151' title='bbox 832 2358 923 2425; x_wconf 86' lang='lat' dir='ltr'>Alex.</span> <span class='ocrx_word' id='word_1_152' title='bbox 952 2376 983 2439; x_wconf 91' lang='lat' dir='ltr'>p.</span> <span class='ocrx_word' id='word_1_153' title='bbox 1001 2361 1065 2424; x_wconf 81' lang='lat'>377</span> <span class='ocrx_word' id='word_1_154' title='bbox 1096 2359 1191 2443; x_wconf 90' lang='lat' dir='ltr'>sqq.].</span> <span class='ocrx_word' id='word_1_155' title='bbox 1243 2359 1331 2437; x_wconf 84' lang='lat' dir='ltr'>Quae</span> 
     </span>
     <span class='ocr_line' id='line_1_19' title="bbox 101 2465 1333 2549; baseline 0.003 -21"><span class='ocrx_word' id='word_1_156' title='bbox 101 2482 172 2548; x_wconf 86' lang='lat' dir='ltr'>cum</span> <span class='ocrx_word' id='word_1_157' title='bbox 196 2465 244 2530; x_wconf 89' lang='lat' dir='ltr'>ita</span> <span class='ocrx_word' id='word_1_158' title='bbox 266 2466 340 2545; x_wconf 84' lang='lat' dir='ltr'>sint,</span> <span class='ocrx_word' id='word_1_159' title='bbox 365 2466 524 2549; x_wconf 88' lang='lat' dir='ltr'>quomodo</span> <span class='ocrx_word' id='word_1_160' title='bbox 547 2465 739 2531; x_wconf 84' lang='lat' dir='ltr'>indicaverit</span> <span class='ocrx_word' id='word_1_161' title='bbox 755 2465 1004 2532; x_wconf 88' lang='lat' dir='ltr'>Scheuerleerus</span> <span class='ocrx_word' id='word_1_162' title='bbox 1020 2466 1247 2548; x_wconf 81' lang='lat' dir='ltr'>interrogabis</span> <span class='ocrx_word' id='word_1_163' title='bbox 1287 2466 1333 2532; x_wconf 93' lang='lat' dir='ltr'>Ut</span> 
     </span>
     <span class='ocr_line' id='line_1_20' title="bbox 99 2569 1330 2655; baseline 0.003 -21"><span class='ocrx_word' id='word_1_164' title='bbox 99 2569 238 2636; x_wconf 85' lang='lat' dir='ltr'>hominis</span> <span class='ocrx_word' id='word_1_165' title='bbox 261 2571 478 2654; x_wconf 85' lang='lat' dir='ltr'>imprudentia</span> <span class='ocrx_word' id='word_1_166' title='bbox 502 2578 535 2638; x_wconf 87' lang='lat' dir='ltr'>et</span> <span class='ocrx_word' id='word_1_167' title='bbox 558 2572 685 2639; x_wconf 86' lang='lat' dir='ltr'>vanitas</span> <span class='ocrx_word' id='word_1_168' title='bbox 708 2576 830 2654; x_wconf 90' lang='lat' dir='ltr'>quanta</span> <span class='ocrx_word' id='word_1_169' title='bbox 853 2570 952 2637; x_wconf 87' lang='lat' dir='ltr'>fuerit</span> <span class='ocrx_word' id='word_1_170' title='bbox 967 2573 1096 2653; x_wconf 88' lang='lat' dir='ltr'>penitus</span> <span class='ocrx_word' id='word_1_171' title='bbox 1111 2573 1330 2655; x_wconf 81' lang='lat' dir='ltr'>intellegatur,</span> 
     </span>
     <span class='ocr_line' id='line_1_21' title="bbox 98 2677 1332 2763; baseline 0.002 -21"><span class='ocrx_word' id='word_1_172' title='bbox 98 2679 198 2743; x_wconf 88' lang='lat' dir='ltr'>verba</span> <span class='ocrx_word' id='word_1_173' title='bbox 222 2680 290 2744; x_wconf 89' lang='lat' dir='ltr'>eius</span> <span class='ocrx_word' id='word_1_174' title='bbox 314 2680 495 2747; x_wconf 87' lang='lat' dir='ltr'>adscribam</span> <span class='ocrx_word' id='word_1_175' title='bbox 515 2700 547 2762; x_wconf 90' lang='lat' dir='ltr'>p.</span> <span class='ocrx_word' id='word_1_176' title='bbox 566 2681 606 2744; x_wconf 85' lang='lat'>18</span> <span class='ocrx_word' id='word_1_177' title='bbox 623 2699 669 2763; x_wconf 89' lang='lat' dir='ltr'>sq.</span> <span class='ocrx_word' id='word_1_178' title='bbox 697 2681 754 2744; x_wconf 83' lang='grc' dir='ltr'>Ἦ.</span> <span class='ocrx_word' id='word_1_179' title='bbox 771 2677 933 2744; x_wconf 85' lang='lat' dir='ltr'>Ponticus</span> <span class='ocrx_word' id='word_1_180' title='bbox 956 2678 1076 2746; x_wconf 79' lang='lat' dir='ltr'>ordene</span> <span class='ocrx_word' id='word_1_181' title='bbox 1098 2679 1153 2746; x_wconf 75' lang='grc' dir='ltr'>λα</span> <span class='ocrx_word' id='word_1_182' title='bbox 1167 2680 1332 2744; x_wconf 83' lang='lat' dir='ltr'>sccundus</span> 
     </span>
     <span class='ocr_line' id='line_1_22' title="bbox 99 2783 1332 2873; baseline 0.003 -25"><span class='ocrx_word' id='word_1_183' title='bbox 99 2783 117 2848; x_wconf 85' lang='grc' dir='ltr'>ὁ</span> <span class='ocrx_word' id='word_1_184' title='bbox 146 2785 300 2871; x_wconf 78' lang='grc' dir='ltr'><strong><em>πυρρίχας</em></strong></span> <span class='ocrx_word' id='word_1_185' title='bbox 330 2787 385 2850; x_wconf 78' lang='grc' dir='ltr'><strong><em>καὶ</em></strong></span> <span class='ocrx_word' id='word_1_186' title='bbox 414 2786 576 2873; x_wconf 87' lang='grc' dir='ltr'><strong><em>φλυαρίας</em></strong></span> <span class='ocrx_word' id='word_1_187' title='bbox 605 2791 855 2870; x_wconf 79' lang='grc' dir='ltr'><strong><em>συντεταγμένος</em></strong></span> <span class='ocrx_word' id='word_1_188' title='bbox 884 2785 971 2852; x_wconf 67' lang='lat' dir='ltr'>edem</span> <span class='ocrx_word' id='word_1_189' title='bbox 997 2786 1079 2852; x_wconf 86' lang='lat' dir='ltr'>solet</span> <span class='ocrx_word' id='word_1_190' title='bbox 1097 2785 1215 2852; x_wconf 70' lang='lat' dir='ltr'>habam</span> <span class='ocrx_word' id='word_1_191' title='bbox 1233 2791 1332 2871; x_wconf 84' lang='lat' dir='ltr'>atque</span> 
     </span>
     <span class='ocr_line' id='line_1_23' title="bbox 99 2891 1330 2981; baseline 0 -25"><span class='ocrx_word' id='word_1_192' title='bbox 99 2893 148 2956; x_wconf 91' lang='lat' dir='ltr'>H.</span> <span class='ocrx_word' id='word_1_193' title='bbox 171 2891 343 2967; x_wconf 73' lang='lat' dir='ltr'>Ponticus,</span> <span class='ocrx_word' id='word_1_194' title='bbox 368 2893 433 2980; x_wconf 86' lang='lat' dir='ltr'>qni</span> <span class='ocrx_word' id='word_1_195' title='bbox 452 2900 581 2976; x_wconf 79' lang='grc' dir='ltr'><strong><em>Λέσχας</em></strong></span> <span class='ocrx_word' id='word_1_196' title='bbox 603 2893 748 2981; x_wconf 79' lang='lat' dir='ltr'>scripsit.</span> <span class='ocrx_word' id='word_1_197' title='bbox 794 2891 859 2960; x_wconf 84' lang='lat' dir='ltr'>Illi</span> <span class='ocrx_word' id='word_1_198' title='bbox 886 2915 962 2958; x_wconf 80' lang='lat' dir='ltr'>acro</span> <span class='ocrx_word' id='word_1_199' title='bbox 993 2899 1065 2960; x_wconf 90' lang='lat' dir='ltr'>tum</span> <span class='ocrx_word' id='word_1_200' title='bbox 1089 2893 1129 2958; x_wconf 86' lang='lat' dir='ltr'>iu</span> <span class='ocrx_word' id='word_1_201' title='bbox 1146 2899 1330 2979; x_wconf 80' lang='lat' dir='ltr'>temporum</span> 
     </span>
     <span class='ocr_line' id='line_1_24' title="bbox 100 2997 1330 3087; baseline 0.001 -25"><span class='ocrx_word' id='word_1_202' title='bbox 100 2997 263 3064; x_wconf 65' lang='lat' dir='ltr'>anconem</span> <span class='ocrx_word' id='word_1_203' title='bbox 297 3004 370 3064; x_wconf 89' lang='lat' dir='ltr'>tum</span> <span class='ocrx_word' id='word_1_204' title='bbox 399 2997 438 3064; x_wconf 87' lang='lat' dir='ltr'>in</span> <span class='ocrx_word' id='word_1_205' title='bbox 468 3001 686 3066; x_wconf 78' lang='lat' dir='ltr'>Graecctatem</span> <span class='ocrx_word' id='word_1_206' title='bbox 718 3006 949 3087; x_wconf 81' lang='lat' dir='ltr'>peccaverunt,</span> <span class='ocrx_word' id='word_1_207' title='bbox 986 3022 1067 3066; x_wconf 87' lang='lat' dir='ltr'>nam</span> <span class='ocrx_word' id='word_1_208' title='bbox 1094 3002 1143 3065; x_wconf 88' lang='lat' dir='ltr'>H.</span> <span class='ocrx_word' id='word_1_209' title='bbox 1166 2997 1330 3064; x_wconf 75' lang='lat' dir='ltr'>Ponticus</span> 
     </span>
     <span class='ocr_line' id='line_1_25' title="bbox 98 3105 1328 3194; baseline 0 -24"><span class='ocrx_word' id='word_1_210' title='bbox 98 3107 184 3170; x_wconf 80' lang='lat' dir='ltr'>alter</span> <span class='ocrx_word' id='word_1_211' title='bbox 210 3127 306 3192; x_wconf 89' lang='lat' dir='ltr'>quem</span> <span class='ocrx_word' id='word_1_212' title='bbox 338 3105 433 3171; x_wconf 78' lang='lat' dir='ltr'>umet</span> <span class='ocrx_word' id='word_1_213' title='bbox 457 3107 655 3174; x_wconf 76' lang='lat' dir='ltr'>Demetrius</span> <span class='ocrx_word' id='word_1_214' title='bbox 682 3110 829 3194; x_wconf 80' lang='lat' dir='ltr'>Magnes</span> <span class='ocrx_word' id='word_1_215' title='bbox 857 3145 898 3156; x_wconf 90' lang='lat'><em>-</em></span> <span class='ocrx_word' id='word_1_216' title='bbox 927 3108 1048 3174; x_wconf 83' lang='lat' dir='ltr'>audin?</span> <span class='ocrx_word' id='word_1_217' title='bbox 1082 3107 1256 3172; x_wconf 87' lang='lat' dir='ltr'>circulatur</span> <span class='ocrx_word' id='word_1_218' title='bbox 1284 3142 1328 3152; x_wconf 89' lang='lat'>—</span> 
     </span>
     <span class='ocr_line' id='line_1_26' title="bbox 99 3211 1333 3302; baseline -0.001 -25"><span class='ocrx_word' id='word_1_219' title='bbox 99 3235 168 3278; x_wconf 87' lang='lat' dir='ltr'>nou</span> <span class='ocrx_word' id='word_1_220' title='bbox 187 3218 296 3300; x_wconf 79' lang='lat' dir='ltr'>potest</span> <span class='ocrx_word' id='word_1_221' title='bbox 316 3212 403 3280; x_wconf 69' lang='lat' dir='ltr'>silem</span> <span class='ocrx_word' id='word_1_222' title='bbox 425 3221 610 3302; x_wconf 82' lang='lat' dir='ltr'>essentque</span> <span class='ocrx_word' id='word_1_223' title='bbox 631 3215 844 3289; x_wconf 81' lang='lat' dir='ltr'>lescheneuta,</span> <span class='ocrx_word' id='word_1_224' title='bbox 869 3213 934 3301; x_wconf 87' lang='lat' dir='ltr'>qui</span> <span class='ocrx_word' id='word_1_225' title='bbox 944 3212 1094 3300; x_wconf 83' lang='lat' dir='ltr'>Didymi</span> <span class='ocrx_word' id='word_1_226' title='bbox 1112 3211 1263 3299; x_wconf 77' lang='lat' dir='ltr'>aequales</span> <span class='ocrx_word' id='word_1_227' title='bbox 1284 3213 1333 3276; x_wconf 79' lang='grc' dir='ltr'>ου’</span> 
     </span>
     <span class='ocr_line' id='line_1_27' title="bbox 101 3317 1329 3410; baseline -0.002 -24"><span class='ocrx_word' id='word_1_228' title='bbox 101 3319 241 3386; x_wconf 75' lang='lat' dir='ltr'>Claudii</span> <span class='ocrx_word' id='word_1_229' title='bbox 260 3320 473 3408; x_wconf 81' lang='lat' dir='ltr'>Neronisque</span> <span class='ocrx_word' id='word_1_230' title='bbox 494 3321 729 3410; x_wconf 60' lang='lat' dir='ltr'>principatum</span> <span class='ocrx_word' id='word_1_231' title='bbox 756 3320 882 3388; x_wconf 67' lang='lat' dir='ltr'>vcncsse</span> <span class='ocrx_word' id='word_1_232' title='bbox 910 3320 1072 3387; x_wconf 78' lang='lat' dir='ltr'>tradetur.</span> <span class='ocrx_word' id='word_1_233' title='bbox 1118 3318 1182 3386; x_wconf 90' lang='lat' dir='ltr'>Illi</span> <span class='ocrx_word' id='word_1_234' title='bbox 1205 3318 1269 3406; x_wconf 87' lang='lat' dir='ltr'>qni</span> <span class='ocrx_word' id='word_1_235' title='bbox 1289 3317 1329 3383; x_wconf 86' lang='lat' dir='ltr'>in</span> 
     </span>
    </p>
   </div>
   <div class='ocr_carea' id='block_1_3' title="bbox 99 3426 1331 3944">
    <p class='ocr_par' dir='ltr' id='par_1_3' title="bbox 99 3426 1331 3944">
     <span class='ocr_line' id='line_1_28' title="bbox 99 3426 1327 3516; baseline -0.001 -25"><span class='ocrx_word' id='word_1_236' title='bbox 99 3433 243 3514; x_wconf 83' lang='lat' dir='ltr'>tempora</span> <span class='ocrx_word' id='word_1_237' title='bbox 259 3434 391 3494; x_wconf 86' lang='lat' dir='ltr'>tantum</span> <span class='ocrx_word' id='word_1_238' title='bbox 401 3431 586 3516; x_wconf 79' lang='lat' dir='ltr'>peccabant,</span> <span class='ocrx_word' id='word_1_239' title='bbox 610 3431 704 3496; x_wconf 83' lang='lat' dir='ltr'>modo</span> <span class='ocrx_word' id='word_1_240' title='bbox 718 3428 891 3495; x_wconf 70' lang='lat' dir='ltr'>sanassent</span> <span class='ocrx_word' id='word_1_241' title='bbox 904 3426 1118 3494; x_wconf 75' lang='lat' dir='ltr'>Demetrium</span> <span class='ocrx_word' id='word_1_242' title='bbox 1135 3428 1327 3512; x_wconf 77' lang='lat' dir='ltr'>Magnetem</span> 
     </span>
     <span class='ocr_line' id='line_1_29' title="bbox 100 3533 1328 3622; baseline -0.002 -23"><span class='ocrx_word' id='word_1_243' title='bbox 100 3533 231 3618; x_wconf 89' lang='lat' dir='ltr'>[iterum</span> <span class='ocrx_word' id='word_1_244' title='bbox 255 3536 458 3620; x_wconf 88' lang='lat' dir='ltr'>circulatur],</span> <span class='ocrx_word' id='word_1_245' title='bbox 482 3559 551 3602; x_wconf 88' lang='lat' dir='ltr'>non</span> <span class='ocrx_word' id='word_1_246' title='bbox 573 3558 650 3602; x_wconf 80' lang='lat' dir='ltr'>aero</span> <span class='ocrx_word' id='word_1_247' title='bbox 672 3535 861 3622; x_wconf 74' lang='lat' dir='ltr'>Diogenem</span> <span class='ocrx_word' id='word_1_248' title='bbox 884 3537 926 3601; x_wconf 88' lang='lat' dir='ltr'>L.</span> <span class='ocrx_word' id='word_1_249' title='bbox 949 3537 1041 3602; x_wconf 81' lang='lat' dir='ltr'>hunc</span> <span class='ocrx_word' id='word_1_250' title='bbox 1061 3533 1328 3601; x_wconf 77' lang='lat' dir='ltr'>Heraclidarum</span> 
     </span>
     <span class='ocr_line' id='line_1_30' title="bbox 99 3639 1331 3730; baseline -0.001 -26"><span class='ocrx_word' id='word_1_251' title='bbox 99 3643 286 3726; x_wconf 78' lang='lat' dir='ltr'>catalogum</span> <span class='ocrx_word' id='word_1_252' title='bbox 307 3641 484 3726; x_wconf 60' lang='lat' dir='ltr'>commisse</span> <span class='ocrx_word' id='word_1_253' title='bbox 509 3645 605 3710; x_wconf 64' lang='lat' dir='ltr'>valate</span> <span class='ocrx_word' id='word_1_254' title='bbox 633 3641 755 3708; x_wconf 79' lang='lat' dir='ltr'>mc&#39;rati</span> <span class='ocrx_word' id='word_1_255' title='bbox 778 3649 886 3709; x_wconf 87' lang='lat' dir='ltr'>essent</span> <span class='ocrx_word' id='word_1_256' title='bbox 908 3641 973 3730; x_wconf 88' lang='lat' dir='ltr'>qui</span> <span class='ocrx_word' id='word_1_257' title='bbox 985 3641 1077 3729; x_wconf 79' lang='lat' dir='ltr'>fieri</span> <span class='ocrx_word' id='word_1_258' title='bbox 1094 3639 1259 3729; x_wconf 77' lang='lat' dir='ltr'>potuerat,</span> <span class='ocrx_word' id='word_1_259' title='bbox 1290 3644 1331 3703; x_wconf 90' lang='lat' dir='ltr'>nt</span> 
     </span>
     <span class='ocr_line' id='line_1_31' title="bbox 99 3747 1327 3836; baseline -0.002 -24"><span class='ocrx_word' id='word_1_260' title='bbox 99 3748 290 3814; x_wconf 81' lang='lat' dir='ltr'>Athenaeus</span> <span class='ocrx_word' id='word_1_261' title='bbox 306 3756 343 3835; x_wconf 83' lang='lat' dir='ltr'>p.</span> <span class='ocrx_word' id='word_1_262' title='bbox 362 3749 657 3816; x_wconf 67' lang='lat' dir='ltr'>acclinandum</span> <span class='ocrx_word' id='word_1_263' title='bbox 679 3748 801 3815; x_wconf 74' lang='lat' dir='ltr'>deceret</span> <span class='ocrx_word' id='word_1_264' title='bbox 821 3748 1039 3836; x_wconf 73' lang='grc' dir='ltr'><strong><em>λεσχηνευτήν,</em></strong></span> <span class='ocrx_word' id='word_1_265' title='bbox 1063 3747 1204 3814; x_wconf 76' lang='lat' dir='ltr'>menime</span> <span class='ocrx_word' id='word_1_266' title='bbox 1217 3753 1327 3812; x_wconf 87' lang='lat' dir='ltr'>tamen</span> 
     </span>
     <span class='ocr_line' id='line_1_32' title="bbox 100 3852 1326 3944; baseline 0.001 -28"><span class='ocrx_word' id='word_1_267' title='bbox 100 3852 272 3928; x_wconf 69' lang='lat' dir='ltr'>indicaret,</span> <span class='ocrx_word' id='word_1_268' title='bbox 286 3854 372 3922; x_wconf 66' lang='lat' dir='ltr'>tilam</span> <span class='ocrx_word' id='word_1_269' title='bbox 383 3863 467 3942; x_wconf 81' lang='lat' dir='ltr'>opus</span> <span class='ocrx_word' id='word_1_270' title='bbox 477 3857 594 3940; x_wconf 79' lang='grc' dir='ltr'><strong><em>λέσχας</em></strong></span> <span class='ocrx_word' id='word_1_271' title='bbox 608 3854 790 3922; x_wconf 79' lang='lat' dir='ltr'>enscrt&#39;bt&#39;et</span> <span class='ocrx_word' id='word_1_272' title='bbox 801 3855 872 3922; x_wconf 81' lang='lat' dir='ltr'>dici</span> <span class='ocrx_word' id='word_1_273' title='bbox 881 3856 1039 3944; x_wconf 75' lang='grc' dir='ltr'><strong><em>πυρρίχας</em></strong></span> <span class='ocrx_word' id='word_1_274' title='bbox 1053 3861 1130 3923; x_wconf 82' lang='lat' dir='ltr'>aut</span> <span class='ocrx_word' id='word_1_275' title='bbox 1143 3855 1326 3941; x_wconf 65' lang='lat' dir='ltr'>ptoapiac&#39;.</span> 
     </span>
    </p>
   </div>
   <div class='ocr_carea' id='block_1_4' title="bbox 100 4045 1327 4478">
    <p class='ocr_par' dir='ltr' id='par_1_4' title="bbox 100 4045 1327 4300">
     <span class='ocr_line' id='line_1_33' title="bbox 172 4045 1327 4142; baseline -0.004 -38"><span class='ocrx_word' id='word_1_276' title='bbox 172 4047 210 4119; x_wconf 68' lang='grc'>26)</span> <span class='ocrx_word' id='word_1_277' title='bbox 229 4051 279 4104; x_wconf 77' lang='grc' dir='ltr'><strong><em>εἰσὶ</em></strong></span> <span class='ocrx_word' id='word_1_278' title='bbox 298 4051 351 4121; x_wconf 76' lang='grc' dir='ltr'>γὰρ</span> <span class='ocrx_word' id='word_1_279' title='bbox 370 4051 416 4105; x_wconf 76' lang='grc' dir='ltr'><strong><em>καὶ</em></strong></span> <span class='ocrx_word' id='word_1_280' title='bbox 434 4071 507 4122; x_wconf 81' lang='grc' dir='ltr'><strong><em>παρτ</em></strong></span> <span class='ocrx_word' id='word_1_281' title='bbox 534 4048 690 4122; x_wconf 78' lang='grc' dir='ltr'><strong><em>Λυκὸηρονι</em></strong></span> <span class='ocrx_word' id='word_1_282' title='bbox 707 4054 736 4104; x_wconf 69' lang='grc' dir='ltr'><strong><em>ἐν</em></strong></span> <span class='ocrx_word' id='word_1_283' title='bbox 754 4050 784 4124; x_wconf 76' lang='grc' dir='ltr'><strong><em>τῇ</em></strong></span> <span class='ocrx_word' id='word_1_284' title='bbox 798 4048 958 4121; x_wconf 71' lang='grc' dir='ltr'><strong><em>Ἀλεξάνδρᾳ</em></strong></span> <span class='ocrx_word' id='word_1_285' title='bbox 976 4051 1023 4102; x_wconf 79' lang='grc' dir='ltr'><strong><em>καὶ</em></strong></span> <span class='ocrx_word' id='word_1_286' title='bbox 1041 4048 1115 4117; x_wconf 77' lang='grc' dir='ltr'><strong><em>παρὰ</em></strong></span> <span class='ocrx_word' id='word_1_287' title='bbox 1131 4045 1327 4142; x_wconf 70' lang='grc' dir='ltr'><strong><em>Ἡρακλείδη</em></strong></span> 
     </span>
     <span class='ocr_line' id='line_1_34' title="bbox 100 4137 1318 4211; baseline -0.003 -20"><span class='ocrx_word' id='word_1_288' title='bbox 100 4139 138 4208; x_wconf 79' lang='grc' dir='ltr'><strong><em>τῷ</em></strong></span> <span class='ocrx_word' id='word_1_289' title='bbox 156 4140 307 4210; x_wconf 79' lang='grc' dir='ltr'><strong><em>Ποντικῷ</em></strong></span> <span class='ocrx_word' id='word_1_290' title='bbox 326 4141 358 4193; x_wconf 67' lang='grc' dir='ltr'><strong><em>ἐν</em></strong></span> <span class='ocrx_word' id='word_1_291' title='bbox 376 4145 451 4202; x_wconf 80' lang='grc' dir='ltr'><strong><em>ταῖς</em></strong></span> <span class='ocrx_word' id='word_1_292' title='bbox 469 4145 611 4211; x_wconf 81' lang='grc' dir='ltr'><strong><em>Αὲσχακς</em></strong></span> <span class='ocrx_word' id='word_1_293' title='bbox 628 4141 675 4193; x_wconf 75' lang='grc' dir='ltr'><strong><em>καὶ</em></strong></span> <span class='ocrx_word' id='word_1_294' title='bbox 694 4137 768 4211; x_wconf 73' lang='grc' dir='ltr'><strong><em>παρα</em></strong></span> <span class='ocrx_word' id='word_1_295' title='bbox 781 4144 926 4210; x_wconf 84' lang='grc' dir='ltr'><strong><em>Παρθενίῳ</em></strong></span> <span class='ocrx_word' id='word_1_296' title='bbox 944 4141 973 4192; x_wconf 67' lang='grc' dir='ltr'><strong><em>ἐν</em></strong></span> <span class='ocrx_word' id='word_1_297' title='bbox 983 4143 1042 4199; x_wconf 81' lang='grc' dir='ltr'><strong><em>ταῖς</em></strong></span> <span class='ocrx_word' id='word_1_298' title='bbox 1053 4139 1179 4208; x_wconf 68' lang='grc' dir='ltr'><strong><em>ἐλεγείαις</em></strong></span> <span class='ocrx_word' id='word_1_299' title='bbox 1196 4138 1244 4190; x_wconf 76' lang='grc' dir='ltr'><strong><em>καὶ</em></strong></span> <span class='ocrx_word' id='word_1_300' title='bbox 1262 4149 1318 4207; x_wconf 83' lang='grc' dir='ltr'><strong><em>παρ</em></strong></span> 
     </span>
     <span class='ocr_line' id='line_1_35' title="bbox 100 4225 743 4300; baseline 0.002 -21"><span class='ocrx_word' id='word_1_301' title='bbox 100 4225 185 4288; x_wconf 76' lang='grc' dir='ltr'><strong><em>ἄλλοις</em></strong></span> <span class='ocrx_word' id='word_1_302' title='bbox 202 4231 309 4288; x_wconf 85' lang='grc' dir='ltr'><strong><em>πολλοῖς</em></strong></span> <span class='ocrx_word' id='word_1_303' title='bbox 325 4231 441 4300; x_wconf 71' lang='grc' dir='ltr'><strong><em>ἱστορίαι</em></strong></span> <span class='ocrx_word' id='word_1_304' title='bbox 459 4231 531 4290; x_wconf 77' lang='grc' dir='ltr'><strong><em>ξέναι</em></strong></span> <span class='ocrx_word' id='word_1_305' title='bbox 549 4230 595 4283; x_wconf 76' lang='grc' dir='ltr'><strong><em>καί</em></strong></span> <span class='ocrx_word' id='word_1_306' title='bbox 612 4229 743 4300; x_wconf 76' lang='grc' dir='ltr'><strong><em>ἄτρεπτον.</em></strong></span> 
     </span>
    </p>

    <p class='ocr_par' dir='ltr' id='par_1_5' title="bbox 100 4314 1324 4478">
     <span class='ocr_line' id='line_1_36' title="bbox 170 4314 1324 4390; baseline -0.003 -21"><span class='ocrx_word' id='word_1_307' title='bbox 170 4315 208 4386; x_wconf 77' lang='lat'>²⁷)</span> <span class='ocrx_word' id='word_1_308' title='bbox 227 4321 330 4388; x_wconf 79' lang='grc' dir='ltr'><strong><em>ἔγραφε</em></strong></span> <span class='ocrx_word' id='word_1_309' title='bbox 348 4323 436 4389; x_wconf 74' lang='grc' dir='ltr'><strong><em>μέτρῳ</em></strong></span> <span class='ocrx_word' id='word_1_310' title='bbox 448 4320 583 4390; x_wconf 78' lang='grc' dir='ltr'><strong><em>Σαπφικῷ</em></strong></span> <span class='ocrx_word' id='word_1_311' title='bbox 601 4317 657 4384; x_wconf 81' lang='grc' dir='ltr'><strong><em>ἦτοι</em></strong></span> <span class='ocrx_word' id='word_1_312' title='bbox 675 4321 828 4388; x_wconf 81' lang='grc' dir='ltr'><strong><em>ψαλαικείῳ</em></strong></span> <span class='ocrx_word' id='word_1_313' title='bbox 840 4321 931 4384; x_wconf 83' lang='grc' dir='ltr'><strong><em>βιβλία</em></strong></span> <span class='ocrx_word' id='word_1_314' title='bbox 944 4315 970 4386; x_wconf 84' lang='grc' dir='ltr'>χ’</span> <span class='ocrx_word' id='word_1_315' title='bbox 983 4314 1180 4386; x_wconf 72' lang='grc' dir='ltr'><strong><em>δυοερμὴνευτα</em></strong></span> <span class='ocrx_word' id='word_1_316' title='bbox 1198 4315 1244 4366; x_wconf 76' lang='grc' dir='ltr'><strong><em>καὶ</em></strong></span> <span class='ocrx_word' id='word_1_317' title='bbox 1263 4315 1324 4366; x_wconf 91' lang='grc' dir='ltr'><strong><em>πολ-</em></strong></span> 
     </span>
     <span class='ocr_line' id='line_1_37' title="bbox 100 4400 1252 4478; baseline -0.003 -22"><span class='ocrx_word' id='word_1_318' title='bbox 100 4404 144 4470; x_wconf 76' lang='grc' dir='ltr'>λὴν</span> <span class='ocrx_word' id='word_1_319' title='bbox 162 4405 205 4470; x_wconf 73' lang='grc' dir='ltr'><strong><em>τὴν</em></strong></span> <span class='ocrx_word' id='word_1_320' title='bbox 224 4407 342 4476; x_wconf 76' lang='grc' dir='ltr'><strong><em>ἀπορίαν</em></strong></span> <span class='ocrx_word' id='word_1_321' title='bbox 361 4411 455 4478; x_wconf 73' lang='grc' dir='ltr'><strong><em>ἔχοντα</em></strong></span> <span class='ocrx_word' id='word_1_322' title='bbox 474 4410 699 4478; x_wconf 80' lang='grc' dir='ltr'><strong><em>προβαλλομένων</em></strong></span> <span class='ocrx_word' id='word_1_323' title='bbox 719 4406 855 4472; x_wconf 75' lang='grc' dir='ltr'><strong><em>ζητήσεων,</em></strong></span> <span class='ocrx_word' id='word_1_324' title='bbox 875 4401 984 4463; x_wconf 80' lang='grc' dir='ltr'><strong><em>ἅστινας</em></strong></span> <span class='ocrx_word' id='word_1_325' title='bbox 1002 4407 1105 4473; x_wconf 58' lang='grc' dir='ltr'><strong><em>[λέσχας</em></strong></span> <span class='ocrx_word' id='word_1_326' title='bbox 1123 4400 1252 4454; x_wconf 62' lang='grc' dir='ltr'><strong><em>ἐκάλεσεν,</em></strong></span> 
     </span>
    </p>
   </div>
   <div class='ocr_carea' id='block_1_5' title="bbox 0 0 1714 5408">
    <p class='ocr_par' dir='ltr' id='par_1_6' title="bbox 0 0 1714 5408">
     <span class='ocr_line' id='line_1_38' title="bbox 0 0 1714 5408; baseline 0 1"><span class='ocrx_word' id='word_1_327' title='bbox 0 0 1714 5408; x_wconf 95' lang='lat' dir='ltr'> </span> 
     </span>
    </p>
   </div>
  </div>
 </body>
</html>
