3432 5400
344 483 408 548 134

342 680 510 727 causarum
533 663 699 743 permotus
723 660 892 742 gravitate.
932 659 975 726 Et
997 660 1085 727 vitae
1100 661 1227 728 ratione
1243 665 1276 728 et
1290 661 1433 729 moribus
1448 681 1487 728 ac
1501 667 1564 728 sto·

342 770 468 834 diorum
500 788 618 852 genere
647 768 838 850 dicendique
866 767 1022 850 gemellus
1050 769 1202 835 Favorini
1230 777 1302 836 erat
1329 775 1455 838 orator:
1490 771 1563 836 civis

340 877 504 942 Romanus
537 881 689 959 uterque,
724 875 931 956 imperatoris
964 874 1148 958 familiaris,
1183 878 1271 960 apud
1298 878 1440 946 Graecos
1471 879 1564 944 etiam

341 989 439 1066 atque
463 986 543 1051 adeo
568 984 654 1066 apud
671 982 806 1049 Celtas
828 983 925 1065 vulgo
944 988 1051 1066 notus,
1070 988 1203 1050 notatus
1218 985 1260 1052 ob
1275 984 1441 1053 libidines:
1465 986 1564 1069 philo

341 1090 487 1172 sophiam
511 1095 545 1157 et
568 1091 777 1172 sophisticam
792 1090 1037 1173 amplexabatur
1059 1097 1095 1158 et
1117 1093 1208 1159 attici
1224 1095 1381 1161 sermonis
1397 1092 1564 1161 observan-

341 1199 428 1262 tiam.
469 1198 572 1277 Quid?
595 1197 682 1281 quod
703 1198 854 1264 Favorini
878 1202 1019 1265 statuam
1042 1205 1177 1282 propter
1190 1201 1348 1268 Hadriani
1371 1203 1563 1269 simultatem

341 1311 525 1372 everterant
559 1305 783 1372 Athenienses.
842 1305 922 1372 eun
959 1307 1110 1374 irrisione
1148 1309 1287 1391 quadam
1325 1309 1564 1376 Atheniensium

341 1413 534 1479 oblivionem
557 1412 797 1481 benefactorum
820 1414 1011 1496 perstrinxit
1035 1421 1145 1482 orator
1169 1415 1363 1484 Corinthius.
1387 1429 1433 1466 -'
1453 1419 1564 1484 Omnia

339 1518 420 1584 haec
447 1524 513 1584 tam
544 1521 675 1602 egregie
703 1521 852 1602 exposuit
874 1521 1060 1604 Exuperius,
1089 1527 1126 1590 ut
1152 1525 1313 1590 neminem
1336 1526 1465 1592 credam
1487 1524 1561 1608 lore,

340 1630 417 1712 quin
441 1648 512 1695 cum
535 1648 659 1694 summa
681 1630 849 1712 voluptate
871 1630 970 1696 semel
993 1631 1175 1714 iterumque
1197 1633 1354 1716 perlegat.

431 1736 551 1803 Contra
574 1737 760 1819 Emperium
782 1742 901 1820 urguet
923 1737 1115 1804 Marresius:

431 1848 459 1910 1.
484 1845 592 1910 Verba
608 1845 647 1911 de
671 1850 800 1912 oratore
816 1845 903 1912 dicta
925 1865 956 1928 p.
975 1847 1039 1912 528
1055 1846 1146 1929 Emp.
1171 1845 1237 1912 τῶν
1250 1850 1312 1932 μὲν
1324 1846 1388 1934 γάρ
1406 1841 1563 1934 Ἑλλήνων

341 1951 416 2028 τοὺς
438 1948 586 2038 ἀρίστους
609 1951 716 2017 ἔπεισε
738 1947 818 2039 πρὸς
840 1951 882 2017 τὰ
904 1952 969 2018 τῶν
985 1950 1155 2037 Ῥωμαίων
1168 1951 1344 2042 πράγματα
1366 1948 1560 2033 ἀποκλίνειν,

340 2056 409 2125 τὸν
433 2060 474 2124 δὲ
494 2059 719 2146 προστάτην
739 2059 821 2146 πρὸς
835 2059 877 2125 τά
890 2060 956 2125 τῶν
974 2057 1144 2145 Ἑλλήνων.
1182 2061 1232 2128 De
1246 2061 1390 2145 Emperii
1405 2063 1563 2130 sententia

339 2168 523 2233 Hadrianus
548 2173 598 2234 est
620 2168 857 2250 intellegendus
885 2169 1071 2252 imperator.
1119 2170 1269 2236 Obvertit
1291 2169 1478 2252 Marresius,
1501 2170 1562 2236 Ha-

340 2277 487 2342 drianum
509 2297 573 2343 nou
598 2296 669 2343 cum
693 2281 779 2343 esset
801 2277 952 2360 princeps
970 2296 1083 2343 verum
1097 2277 1163 2343 iam
1177 2296 1313 2360 puerum
1328 2278 1370 2344 od
1385 2278 1562 2369 litterarum

339 2402 527 2466 graecarum
557 2385 664 2451 studia
686 2384 767 2451 adeo
791 2384 964 2451 adductum
988 2403 1074 2468 esse,
1101 2391 1139 2452 ut
1160 2386 1280 2453 latinas
1302 2387 1498 2470 neglegeret
1521 2422 1562 2435 -

338 2493 382 2557 At
398 2492 426 2557 si
442 2493 650 2574 exaggeravit
666 2494 799 2559 orator?
822 2492 934 2576 Neque
950 2495 1036 2559 enim
1050 2494 1112 2560 hoc
1124 2494 1199 2560 sciri
1210 2499 1320 2577 potest
1331 2513 1391 2561 nec
1402 2495 1560 2577 redargui

429 2601 458 2664 2.
485 2598 646 2664 ‘Favorini
679 2604 788 2665 aetate
822 2619 885 2666 non
919 2600 1024 2667 valuit
1056 2602 1090 2666 in
1130 2599 1312 2668 Corinthios
1344 2602 1430 2685 quod
1461 2602 1563 2667 innuit

339 2687 449 2772 orator
472 2726 502 2788 p.
522 2707 584 2770 531
615 2703 704 2791 ὑμεῖς
726 2705 797 2771 ἐστε
824 2705 942 2774 νῦντὸ
965 2705 1006 2794 δὴ
1030 2701 1204 2790 λενόμενον
1226 2707 1340 2798 πρῷρα
1362 2709 1417 2773 καὶ
1439 2707 1562 2794 πρύμνη

338 2815 394 2899 τῆς
410 2810 577 2893 Ἑλλάδος,
601 2815 704 2881 valuit
725 2815 759 2880 in
773 2814 938 2881 Athenas’.
979 2815 1101 2880 Iterum
1116 2834 1246 2898 quaero,
1272 2835 1328 2883 cur
1343 2836 1408 2883 non
1429 2835 1561 2898 exagge-

338 2940 429 2986 rasse
457 2927 568 3004 putem
598 2927 760 2988 oratorem
789 2921 919 2988 sibimet
945 2922 1008 3005 ipsi
1035 2923 1316 3005 patrocinantem?
1344 2923 1441 2990 ‘Laus
1468 2923 1560 2991 Julia’

340 3028 526 3096 Corinthus!

428 3137 457 3200 3.
485 3137 705 3202 ‘Incusabatur
728 3137 889 3220 quoddam
912 3137 982 3204 eius
997 3137 1119 3203 Romae
1141 3137 1344 3204 commissum
1358 3137 1563 3206 libidinosum

338 3243 517 3325 flagitium’.
580 3243 750 3326 Emporias
788 3244 850 3310 hoc
887 3244 1026 3311 fortasse
1064 3264 1129 3312 non
1167 3249 1255 3312 recte
1294 3247 1458 3313 coniunxit
1496 3266 1563 3312 cum

338 3350 530 3416 Philostrati
552 3351 739 3417 narratione
763 3351 803 3418 de
818 3352 969 3418 Favorini
993 3357 1102 3418 statua
1117 3353 1158 3418 ab
1174 3352 1425 3420 Atheniensibus
1442 3372 1561 3420 eversa.

339 3458 516 3522 Marresius
550 3463 721 3540 postquam
755 3478 819 3525 non
848 3459 917 3526 sinc
945 3478 1042 3526 causa
1069 3459 1153 3526 hanc
1174 3459 1319 3543 Emperii
1349 3461 1563 3528 coniecturam

340 3564 382 3630 ad
404 3565 453 3628 rei
477 3583 632 3629 summam
655 3585 719 3632 non
741 3567 957 3650 pertinentem
981 3567 1194 3650 impugnavit,
1223 3568 1341 3633 iniuria
1364 3573 1463 3652 atque
1486 3569 1562 3635 adeo

339 3673 449 3754 inepte
473 3676 576 3736 totam
598 3672 741 3755 Emperii
765 3675 925 3740 corruisse
948 3675 1260 3758 argumentationem
1284 3675 1450 3742 conclusit.

430 3782 460 3844 4.
496 3780 558 3843 Vix
592 3779 689 3862 digna
724 3799 806 3862 quae
840 3779 1022 3847 refutentur
1056 3789 1131 3848 sunt
1164 3781 1258 3848 hacc:
1295 3782 1397 3862 ‘Quod
1434 3783 1564 3850 iactavit

341 3886 569 3968 gloriabundus
593 3893 703 3953 orator
726 3885 795 3953 lore
818 3893 855 3954 ut
877 3889 1052 3972 ignominia
1074 3893 1265 3957 notarentur
1289 3887 1457 3972 Corinthii,
1481 3889 1563 3974 quod

341 3994 431 4059 cuius
477 3997 618 4058 statuam
663 3994 712 4059 illi
758 3995 992 4063 subvertissent
1031 4003 1104 4063 eum
1142 3997 1242 4063 ceteri
1281 4016 1390 4064 omnes
1427 3998 1564 4065 libenter

342 4101 506 4182 excepturi
530 4106 648 4182 essent,
676 4102 710 4167 id
733 4121 797 4168 non
820 4104 958 4187 quadrat
980 4105 1013 4170 in
1035 4103 1187 4172 Favorini
1209 4106 1416 4172 memoriam’.
1463 4107 1563 4172 Iacta-

341 4206 467 4272 bundus
490 4207 642 4274 videlicet
664 4212 873 4292 exaggeravit
896 4217 1016 4278 orator.

433 4315 462 4379 5.
486 4313 714 4384 Nec'meliora
742 4318 927 4401 obloquitur
956 4325 1072 4386 cetera.
1124 4320 1224 4387 Velut
1254 4321 1292 4386 ‘si
1321 4324 1431 4386 orator
1459 4338 1494 4386 se
1527 4339 1565 4385 ex

343 4420 485 4485 Romano
503 4421 661 4488 Graecum
677 4443 748 4490 esse
762 4423 882 4491 factum
898 4426 1064 4509 gloriatur,
1087 4427 1282 4493 Favorinum
1296 4427 1369 4494 ideo
1385 4446 1449 4494 non
1470 4445 1565 4510 posse
