3432 5400
309 427 370 488 102

305 602 472 683 utriusque
511 601 697 682 partitionis
738 606 887 668 auctores
921 603 1149 682 innotuerim,
1189 601 1258 668 fore
1294 621 1453 685 auguror,
1492 608 1529 670 ut

306 710 492 790 ceteroquin
516 709 613 774 iidem
636 708 848 774 innotescant.

393 836 423 899 b.
449 833 516 899 Nec
540 834 657 898 desunt
680 833 745 897 alia
767 833 836 898 veri
860 833 961 914 signa.

394 959 588 1040 Bipartitam
623 957 816 1039 Leucippi
850 957 1003 1039 dogmata
1037 962 1171 1038 experta
1205 963 1281 1021 sunt
1315 959 1531 1024 recensionem

305 1065 352 1129 IX
376 1067 418 1129 30
447 1065 644 1146 generalem,
675 1065 806 1128 31-38
835 1063 1026 1145 specialem,
1058 1067 1228 1146 utramque
1257 1083 1295 1129 ex
1319 1063 1531 1147 Theophrasti

307 1172 468 1236 thesauris
493 1172 621 1236 ductam
645 1171 748 1254 [Diels
768 1190 799 1252 p.
820 1169 912 1254 165]:

395 1313 505 1398 ἤρεσκε
530 1313 558 1376 δ’
584 1309 669 1398 αὐτῷ
691 1314 812 1400 ἄπειρα
835 1315 920 1377 εἶναι
943 1313 981 1376 τά
1007 1310 1119 1376 πάντα
1143 1316 1199 1377 καὶ
1223 1317 1268 1389 εἷς
1291 1313 1419 1400 ἄλληλα
1442 1339 1534 1398 μετα-

306 1419 452 1503 βάλλειν·
478 1418 565 1484 τότε
582 1421 651 1484 πάν
674 1422 757 1484 εἶναι
780 1417 874 1484 κενὸν
896 1418 952 1483 καὶ
976 1418 1093 1506 πλῆρες
1116 1420 1291 1502 σωμάτων·
1315 1419 1389 1496 τούς
1411 1446 1444 1486 τε
1465 1420 1535 1486 κάσ-

307 1551 386 1611 μους
415 1531 568 1606 γίνεσδαι
598 1525 754 1610 σωμάτων
783 1530 828 1601 εἰς
855 1525 894 1590 τδ
920 1526 1016 1592 κενὸν
1038 1525 1268 1609 ἐμπιπτόντων
1295 1529 1351 1591 καὶ
1382 1527 1536 1614 ἀλληλοις

307 1633 606 1720 περιπλεκομένων·
641 1633 676 1696 έκ
713 1633 750 1698 δέ
780 1635 835 1719 τῆς
868 1633 1019 1719 κινήσεως
1052 1631 1134 1696 κατὰ
1166 1631 1227 1719 τήν
1260 1635 1395 1721 αὔξησιν
1430 1632 1537 1702 αὐτῶν

307 1745 461 1820 γίνεσθαι
494 1739 552 1822 τὴν
586 1739 651 1803 τάν
685 1738 827 1820 ἀστέρων
861 1738 976 1824 φύσιν·
1011 1744 1176 1826 φέρεσθαι
1216 1740 1252 1806 δὲ
1285 1741 1344 1806 τδν
1378 1741 1470 1827 ἥλιον
1504 1742 1537 1807 ’έν

308 1847 432 1930 μείζονι
470 1846 574 1934 κύκλῳ
608 1845 700 1934 παρὰ
738 1843 794 1930 τήν
832 1845 985 1934 σελήνην·
1020 1845 1077 1931 την
1111 1847 1171 1931 γῆν
1206 1844 1358 1930 ὀχεῖσθαι
1393 1854 1469 1936 περὶ
1501 1873 1536 1914 το

306 1957 406 2035 μέσον
429 1954 619 2039 δινουμένην
642 1951 750 2039 σχῆμά
772 1955 798 2016 τ’
825 1952 924 2039 αὐτῆς
947 1953 1185 2038 τυμπανοειδὲς
1208 1958 1311 2020 εἶναι·

308 2059 465 2148 πρῶτός
488 2062 512 2123 τ’
539 2057 710 2144 ἀτόμους
733 2058 857 2145 ἀρχάς
880 2058 1137 2147 ὑπεστήσατο·
1173 2061 1240 2126 καὶ
1257 2061 1538 2148 κεφαλαιωδῶς

308 2167 380 2252 μὲν
402 2169 544 2232 ταῦτα·
573 2169 638 2232 ἐπὶ
662 2173 811 2255 μέρους
834 2169 862 2232 δ’
888 2163 961 2232 ὧδε
985 2168 1076 2250 ἔχει.

309 2313 455 2377 Adnotat
470 2311 645 2376 Dielesius:
662 2310 871 2376 Inventzhm's
893 2317 971 2376 nota
986 2311 1208 2398 brhgraplrum
1226 2311 1344 2398 patras
1358 2311 1413 2376 vel
1437 2310 1536 2376 ‘vara'-

308 2441 410 2484 arum
428 2417 662 2482 hz'storrhrum'
685 2417 893 2482 conlatorem
917 2419 1047 2492 redolet,
1074 2419 1142 2484 scil.
1159 2419 1362 2484 Favorinum.
1404 2419 1537 2500 Saepius

311 2525 509 2607 biographus
533 2525 589 2590 ille
604 2526 798 2590 Laertianus
821 2544 899 2590 usus
923 2531 974 2590 est
989 2526 1241 2607 Theophrasteis
1263 2526 1370 2605 libris;
1396 2526 1537 2592 velutin

312 2632 474 2714 Thrasylli
507 2633 662 2696 librorum
697 2633 974 2698 Democriteorum
1010 2634 1115 2698 indice
1143 2635 1189 2698 IX
1221 2635 1263 2698 48
1299 2634 1368 2698 eius
1403 2633 1538 2699 inseruit

310 2741 506 2805 mentionem
538 2736 658 2822 φυσικὰ
688 2738 724 2802 δὲ
753 2740 845 2803 τάδε·
883 2744 983 2824 μέγας
1011 2739 1199 2823 διάκοσμος,
1233 2739 1271 2806 ὃν
1298 2738 1328 2804 οἳ
1356 2745 1433 2826 περὶ
1461 2736 1537 2805 Θεά-

313 2865 459 2933 φραστον
482 2851 673 2910 Λευκίππου
697 2847 923 2927 paularim·
971 2847 1130 2930 Thrasylh
1163 2848 1249 2912 enim
1277 2850 1433 2914 memoria
1455 2849 1538 2913 redit

313 2956 354 3020 ad
370 2956 506 3020 eundem
522 2955 612 3018 illum
628 2954 841 3035 biographum
857 2954 909 3038 [cf.
927 2975 958 3036 p.
974 2954 1039 3038 65].
1080 2955 1221 3020 Transeo
1238 2955 1279 3018 ad
1294 2955 1537 3021 Parmenidis

313 3063 433 3145 placita
464 3061 567 3144 [Diels
596 3081 626 3142 p.
648 3062 740 3145 166];
770 3062 930 3146 πρῶτος
958 3062 986 3125 δ’
1017 3056 1130 3138 οὗτος
1157 3060 1228 3148 την
1254 3061 1326 3146 γῆν
1360 3059 1538 3148 ἀπέφηνε

313 3167 555 3253 σφαιροειδῆ
578 3167 634 3230 καὶ
657 3166 794 3256 ἐνμέσῳ
818 3174 967 3232 κεῖσθαι·
992 3167 1052 3232 δύο
1075 3170 1101 3234 τ’
1127 3172 1212 3234 εἶναι
1235 3181 1375 3250 στοιχεῖα
1398 3171 1463 3254 πῦρ
1485 3171 1538 3232 καὶ

313 3280 387 3360 γῆν·
416 3276 472 3338 καὶ
502 3275 539 3339 τό
568 3276 630 3358 μὲν
652 3276 850 3362 δημιουργοῦ
883 3274 973 3355 τάξιν
1001 3276 1085 3357 ἔχειν
1113 3277 1170 3360 τὴν
1198 3276 1226 3339 δ’
1253 3273 1343 3361 ὕλης·
1367 3281 1490 3355 γένεσίν
1512 3276 1536 3340 τ’

315 3379 502 3468 ἀνθρώπων
525 3385 558 3459 ἐξ
581 3380 670 3456 ἰλύος
691 3384 821 3469 πρῶτον
843 3388 1008 3466 γενέσθαι.
1057 3384 1185 3448 Summo
1209 3385 1279 3448 iure
1306 3383 1387 3448 haec
1414 3403 1539 3466 qnoque

315 3489 457 3554 Dielesio
471 3508 509 3552 ex
524 3489 663 3554 vitarum
678 3493 900 3572 promptuario
916 3491 1130 3572 transscripta
1143 3490 1302 3555 videntur.
1338 3491 1539 3572 Biographus

316 3597 416 3678 igitur
451 3595 505 3660 ille
540 3597 685 3678 quisquis
720 3597 780 3662 fuit
816 3617 855 3662 ex
885 3597 1106 3678 Theophrasto
1142 3597 1193 3680 [fr.
1222 3601 1260 3662 17
1290 3598 1395 3682 Diels]
1430 3603 1541 3662 narrat

317 3704 453 3785 primum
477 3703 700 3768 Parmenidem
724 3711 844 3770 terram
869 3705 987 3770 dixisse
1011 3706 1190 3770 rotundam.
1231 3707 1331 3788 Atqui
1352 3725 1407 3771 res
1430 3707 1540 3772 eaden

318 3815 350 3877 in
374 3811 577 3893 Pythagorae
605 3813 673 3877 uita
701 3813 747 3876 sic
774 3813 920 3894 tangitur
947 3813 1024 3877 VllI
1046 3814 1102 3877 48:
1131 3819 1244 3878 τοῦτον
1272 3810 1289 3875 ὃ
1319 3809 1542 3900 Φαβωρῖνός

319 3935 441 4004 φησιν
476 3917 561 4004 ὅροις
593 3916 780 4004 χρησασθαι
816 3918 871 3984 διὰ
905 3919 1137 4006 μαθηματικῆς
1164 3917 1254 4005 ὕλης,
1292 3917 1347 3982 έπὶ
1376 3919 1478 3984 πλέον
1505 3918 1542 3982 δὲ

319 4023 489 4110 Σωκράτην
517 4024 573 4087 καὶ
597 4021 671 4100 τούς
698 4025 806 4112 έκεὶνηι
835 4023 1084 4111 πλησιάσαντας,
1110 4025 1165 4090 καὶ
1189 4025 1269 4112 μετὰ
1292 4026 1380 4090 ταῦτ’
1399 4023 1542 4113 Ἀριστο-

319 4135 413 4218 τέλην
436 4131 586 4208 καὶτοὺς
609 4134 766 4215 στωϊκοές,
790 4130 890 4196 ἀλλὰ
912 4132 987 4220 μήν
1010 4132 1076 4196 καὶ
1101 4130 1170 4198 τὸν
1194 4128 1369 4220 οὐρανὸν
1392 4133 1542 4219 πρῶτον

321 4239 518 4326 ὀνομάσαι
546 4239 690 4324 κόσμον
713 4241 778 4304 καὶ
807 4240 876 4325 την
904 4243 977 4326 γῆν
1007 4238 1272 4328 στρογγύλην·
1306 4237 1356 4315 ιδς
1384 4239 1425 4303 δέ
1448 4237 1542 4306 Θεό-
