3432 5400
917 537 924 548 ,
1317 489 1359 551 93

350 656 529 726 Porphyrius,
549 656 606 711 vita
623 655 704 726 Pyth.
920 658 924 748 l
1011 659 1139 715 Laertius
1158 660 1233 730 VIII,
1256 665 1277 718 1.

136 770 231 852 §le
279 766 516 850 Discipulorum
540 757 632 850 copia
936 769 1007 850 §a

281 875 450 941 Silentium
936 875 1018 958 §11
1046 874 1231 963 [Timaeus]

136 983 155 1066 §
180 984 232 1047 54.
279 983 555 1065 Pythagoreorum
578 982 754 1047 auctoritas

282 1089 360 1156 Cum
385 1089 503 1172 Cylone
526 1090 694 1155 inimicitia

137 1200 156 1281 §
181 1199 233 1263 55.
281 1198 411 1262 Milonis
435 1198 524 1262 aedis
547 1196 729 1262 incendium

282 1304 350 1370 lter
373 1305 539 1370 Deliacum
936 1324 955 1406 ρ
972 1325 1014 1389 40
1039 1322 1259 1411 [Ἡρακλείδης
1274 1323 1310 1390 gv
1325 1327 1364 1415 τῇ

951 1430 1101 1518 Σατύρου
1113 1435 1194 1514 βίω-ν
1204 1429 1361 1522 ἐπιτομῇ]Ι

968 1146 1062 1228 §aa
1089 1148 1141 1211 49.

281 1519 434 1602 Archippi
459 1518 649 1602 LysidIsque
673 1517 750 1600 tuga

717 1621 908 1712 [Neauthes]
938 1627 957 1709 ξ
980 1627 1033 1693 39.

283 1735 376 1817 Lysis
399 1738 592 1817 praeceptor
614 1732 856 1816 Epaminondae
938 1734 957 1816 ξ
981 1736 1010 1798 7.

137 1838 372 1924 §isssaMors
396 1842 431 1906 P.
457 1837 746 1926 [Dicaearchus]
938 1838 1176 1923 §ddssaoera
1223 1839 1363 1904 Dicae-

1196 1944 1363 2030 archus].

137 2055 187 2120 Ut
210 2054 487 2136 comprehendam,

189 2167 217 2228 1.
242 2164 332 2228 Vita
354 2163 603 2246 Pythagorae
625 2162 837 2227 Laertiana
864 2160 1039 2226 conflata
1069 2164 1128 2225 est
1155 2178 1200 2225 ex
1230 2160 1365 2226 ‘omni-

243 2289 339 2352 gena
361 2269 544 2336 historIa’
570 2268 750 2352 pauculis
774 2269 958 2334 immixtis
982 2269 1027 2335 de
1044 2287 1365 2350 apomnemoneu-

242 2383 384 2443 matum
409 2373 686 2460 excerptis¹⁰⁶).

187 2487 218 2550 2.
243 2485 363 2550 Dioclis
386 2485 437 2550 vel
461 2485 543 2549 alius
568 2484 708 2549 auctoris
728 2483 898 2566 vestigium
922 2481 1051 2564 repperi
1074 2481 1204 2547 nullum.

188 2595 218 2658 3.
243 2594 371 2659 Incerta
393 2598 562 2659 remanent

250 2703 269 2785 §
316 2701 398 2765 lde
421 2706 515 2783 patre
539 2701 702 2764 Marmaoo

250 2809 269 2891 ξ
314 2808 398 2872 ide
421 2808 526 2873 tribus
549 2806 673 2890 poculis

250 2916 269 2997 ξ
295 2918 331 2978 11
359 2915 399 2979 de
422 2915 570 2996 Apolline
593 2913 802 2996 Hyperboreo

359 3021 400 3086 de
423 3022 539 3087 studiis
563 3021 766 3103 geometricis
790 3017 1039 3104 [anticlides]

369 3180 388 3211 „
473 3179 492 3211 „
561 3129 694 3194 medicis
718 3127 996 3212 [Apollodorus
1018 3123 1243 3207 logisticus]

252 3237 272 3320 ξ
297 3239 338 3301 14
366 3288 385 3319 ,,
416 3237 508 3303 libris
532 3241 566 3302 et
588 3236 754 3318 discipulis

253 3344 272 3426 ξ
295 3345 337 3408 37
362 3345 554 3410 comicorum
575 3343 741 3408 irrisiones

254 3451 337 3534 §43
363 3451 492 3517 Theano

297 3561 428 3624 49-50
452 3558 592 3641 epistula
615 3559 656 3623 ad
678 3511 916 3622 Anaximenem.

147 3667 250 3733 Omisi
272 3666 499 3750 Hieronymi
522 3666 596 3749 §21
624 3667 663 3731 de
679 3665 864 3748 Pythagora
887 3662 1006 3728 dIotum
1029 3663 1105 3745 qula
1128 3662 1212 3729 infra
1234 3665 1369 3746 patebit,

221 3897 272 3966 ¹⁰⁶)
289 3896 449 3967 Repetierat
461 3896 546 3966 Igitur
555 3895 707 3950 Faroriuus
720 3911 789 3963 quae
803 3894 836 3949 de
846 3893 1003 3963 Pythagora
1015 3893 1180 3948 athletarum
1192 3893 1329 3949 nutritore
1342 3895 1370 3950 in

148 3987 445 4056 apomnemoneumatis
460 3986 531 4041 dixit
543 3985 638 4040 eadem
651 3985 678 4038 in
695 3985 837 4053 omnigena
848 3983 977 4038 historia:
997 3984 1025 4038 id
1044 3982 1116 4051 quod
1134 3983 1177 4037 vel
1195 3983 1254 4052 Ipsa
1266 3983 1371 4040 Laertii

150 4077 235 4132 verba
254 4076 368 4131 suadere
388 4076 454 4130 mihi
474 4075 603 4130 ridentur
622 4074 689 4130 VIII
711 4077 754 4129 12:
779 4078 880 4146 λέγεται
898 4073 927 4127 di
946 4076 993 4128 καὶ
1011 4075 1112 4144 πρῶτος
1132 4075 1239 4145 κρέασιν
1257 4072 1372 4141 ἀσκῆσαι

149 4164 275 4237 ἀθλητάς,
295 4169 341 4220 καὶ
359 4167 464 4239 πρῶτον
486 4165 511 4238 γ’
530 4165 694 4237 Εὐρυμένην,
718 4163 807 4218 καθά
832 4183 911 4235 φησι
929 4168 1127 4234 Φαβωρῖνος
1145 4166 1179 4216 ἐν
1197 4168 1292 4236 τρίτῳ
1310 4165 1371 4217 τῶν

149 4256 509 4328 ἀπομνημονευμάτων
531 4257 582 4309 τῶν
599 4253 726 4326 πρότερον
745 4254 836 4327 ἰσχάσι
854 4256 944 4323 ξηραῖς
961 4254 1007 4306 καὶ
1024 4257 1111 4323 τυροῖς
1128 4248 1222 4322 ὑγροῖς
1240 4251 1307 4306 ἀλλὰ
1325 4256 1372 4308 καὶ

150 4353 246 4420 πυροῖς
273 4344 485 4418 σωμασκούντων
512 4343 612 4410 αὐτούς,
640 4343 794 4415 καθάπερ
819 4341 833 4397 ὃ
862 4341 956 4402 αὐτος
981 4347 1179 4412 Φαβωρῖνος
1207 4344 1240 4394 ἐν
1267 4341 1372 4416 oyety

150 4437 363 4502 παντοδαπῆς
382 4439 532 4506 ἱστορίας
551 4440 651 4506 φησίν
669 4433 703 4488 cf.
722 4450 748 4502 p.
763 4435 804 4488 92.
