3420 5408
385 438 443 530 ιε’

428 647 575 729 τέταρτος
598 637 637 707 οὗ
660 647 816 726 μέμνηται
840 641 960 726 Δοῦρις
983 638 1019 705 ἰν
1040 645 1087 726 τῷ
1109 639 1182 723 περὶ
1205 638 1398 726 ζωγράφων·

427 754 572 833 πέμπτος
593 746 746 835 νεώτερος
768 747 886 827 ἄδοξος
909 741 948 812 οὗ
970 743 1163 831 μνημονεύει
1182 744 1354 823 Διονύσιος
1376 747 1413 812 ἐν
1435 751 1614 834 Κριτικοῖς.

471 858 593 923 Fallaoi
616 857 731 922 indicis
755 857 862 938 specie
886 853 1094 920 Nietzscheus
1117 853 1271 936 deceptus
1300 859 1359 922 est.
1406 855 1449 920 At
1477 874 1549 921 cum
1583 862 1617 920 et

382 966 529 1048 Dionysii
551 964 830 1030 Halicarnasensis
856 957 1007 1046 ’ἀρχαίων
1034 963 1143 1045 κρίσις
1167 961 1220 1044 [cl.
1244 981 1275 1043 p.
1294 963 1350 1046 31]
1375 963 1416 1028 ad
1440 963 1615 1029 Thaletum

382 1075 528 1156 quintum
563 1073 721 1137 excitetur
755 1075 789 1135 et
823 1070 981 1135 secundus
1016 1075 1213 1151 quartusque
1248 1068 1368 1134 luerint
1401 1070 1543 1152 pictores
1571 1109 1613 1118 -

382 1183 522 1263 pictores
545 1179 630 1244 enirn
653 1179 716 1243 nisi
739 1177 794 1259 qui
810 1178 932 1258 scripta
947 1176 1155 1258 reliquissent
1168 1195 1232 1241 non
1248 1179 1411 1243 recensuit
1425 1179 1616 1244 Demetrius

381 1288 586 1369 -adparet
615 1287 648 1350 in
675 1284 782 1351 verbis
810 1282 962 1364 γεγόνασι
989 1283 1028 1347 δὲ
1050 1283 1105 1347 καὶ
1127 1282 1225 1348 ἄλλοι
1253 1284 1377 1361 Θαλαῖ,
1409 1286 1506 1380 νομοί
1534 1303 1615 1371 φησι

383 1391 562 1479 Δημήτριος
584 1391 603 1458 ὁ
627 1391 764 1478 Μάγνης
786 1390 822 1456 ἓν
844 1403 912 1466 τοῖς
934 1389 1127 1475 ὁμωνύμως,
1150 1395 1249 1456 πέντε
1270 1392 1375 1458 latere
1392 1393 1513 1459 vitium.
1562 1394 1616 1459 De

381 1520 444 1583 quo
465 1499 550 1582 'ipso
585 1501 740 1582 quidquid
775 1496 993 1582 statuitur¹⁴),
1029 1503 1116 1563 certe
1150 1517 1215 1563 non
1249 1517 1269 1563 a
1298 1499 1462 1566 Demetrio
1498 1501 1556 1565 sed
1595 1521 1615 1566 a

382 1608 538 1689 scriptore
576 1607 649 1693 περὶ
686 1605 868 1692 ὁμωνύμων
905 1605 1071 1672 Demetrio
1110 1610 1144 1671 et
1182 1605 1336 1690 Dionysio
1379 1607 1615 1691 posteriore²⁵l

381 1715 528 1797 quintum
552 1714 718 1780 Thaletem
746 1713 896 1798 [ideoque
927 1713 1025 1779 etiam
1053 1714 1227 1779 secundum
1254 1719 1289 1779 et
1316 1715 1479 1798 quartum]
1503 1722 1614 1781 mutu·

380 1827 453 1886 atus
477 1825 537 1886 est.

469 1928 718 1994 antrannis
747 1929 781 1994 in
811 1928 1010 2011 quaestionis
1041 1945 1210 2009 summam,
1241 1945 1324 2010 quae
1354 1928 1387 1992 in
1410 1930 1612 2012 explorando

380 2038 520 2102 indicum
542 2042 688 2118 tempore
711 2041 873 2103 versatur:
898 2035 959 2101 hoc
982 2035 1067 2101 enim
1090 2041 1279 2118 argrrmento
1307 2036 1530 2104 adsensionem
1557 2042 1613 2106 vel

378 2146 487 2211 invitis
511 2145 781 2229 extorquebimus.

469 2272 496 2318 a.
522 2253 819 2318 Heraclidarum
846 2251 876 2316 V
899 2251 956 2333 93,
993 2248 1138 2337 δεύτερος
1167 2252 1301 2336 πολίτης
1332 2247 1431 2317 αὐτοῦ
1468 2252 1613 2335 [Pontici

379 2360 524 2446 maioris]
554 2359 709 2447 πυρρίχας
741 2365 797 2423 καὶ
831 2358 992 2444 φλυαρίας
1026 2363 1287 2443 συντεταγμένος.
1342 2359 1502 2446 Πορρίχας
1528 2361 1613 2426 nibil

380 2486 466 2548 curo,
491 2466 650 2553 φλυαρίαι
674 2467 750 2550 quid
766 2467 827 2532 sibi
842 2466 943 2531 velint
958 2485 1087 2548 quaero.
1129 2466 1207 2532 Oum
1231 2468 1315 2532 enim
1339 2466 1425 2532 haud
1447 2487 1522 2534 raro
1544 2488 1611 2533 non

379 2592 513 2655 operum
539 2574 652 2639 titulos
676 2575 733 2639 sed
761 2579 951 2656 argumenta
978 2575 1117 2656 scriptor
1139 2575 1280 2640 indicum
1302 2576 1517 2657 perstringat,
1542 2577 1612 2642 He-

378 2680 509 2745 raclidis
532 2680 649 2746 librum
672 2680 735 2746 alio
760 2682 897 2763 quodam
918 2680 1106 2763 insignitum
1121 2683 1216 2747 titulo
1233 2682 1394 2767 φλυαρίας
1411 2683 1610 2750 continuisse

379 2806 502 2852 conseo.
557 2786 774 2852 conferendus
805 2791 855 2852 est
882 2787 1130 2869 Xenophontum
1157 2789 1190 2854 II
1219 2789 1260 2854 59
1291 2795 1436 2872 πέμπτος
1466 2789 1612 2876 μυθώδη

378 2898 547 2979 τερατείαν
585 2897 907 2980 πεπραγματευμένος
949 2893 1031 2977 [scil.
1071 2895 1336 2981 Lampsacenus];
1382 2897 1497 2962 titulus
1537 2905 1612 2964 erat

377 3000 530 3087 περίπλοι
553 3000 815 3085 [Scheuerleerus
837 3021 868 3083 p.
888 3001 976 3084 102]‚
1000 3019 1053 3066 res
1077 3007 1246 3068 enarratae
1267 3001 1427 3089 μυθώδης
1448 3010 1608 3089 τερατεία.

377 3109 490 3190 Neque
513 3108 609 3174 aliter
632 3108 783 3190 Polybius
806 3107 982 3174 identidem
1010 3108 1156 3189 queritur
1184 3111 1224 3175 de
1248 3110 1369 3175 Timaei
1397 3110 1610 3177 historiarum

453 3319 490 3391 ²4)
508 3320 600 3376 Possis
620 3321 704 3376 verba
722 3319 797 3375 καθὰ
812 3351 846 3359 -
860 3317 1016 3392 ὁμωνύμους
1035 3318 1069 3373 ad
1090 3317 1207 3388 primum
1228 3319 1272 3374 vel
1290 3321 1402 3376 tertium
1427 3326 1609 3391 transponere

378 3411 460 3466 vella:
480 3411 515 3466 de
533 3410 635 3466 ceteris
654 3410 726 3465 enirn
744 3426 800 3464 non
818 3409 924 3464 licitum
943 3413 987 3464 ast
1006 3407 1136 3478 cogitare.
1175 3409 1220 3464 An
1238 3409 1332 3478 spuria
1351 3411 1434 3465 sunt?
1453 3441 1486 3452 -

452 3498 490 3570 2⁵)
507 3500 613 3555 Eodem
633 3499 690 3554 scil.
709 3499 753 3554 cui
768 3498 893 3553 ultimum
912 3497 996 3553 dabat
1007 3498 1192 3568 Pythagoram
1213 3497 1258 3570 [cl.
1271 3516 1298 3570 p.
1318 3499 1365 3570 31]
1385 3506 1413 3554 et
1425 3501 1481 3556 Χ4
1499 3499 1560 3554 init.
1571 3533 1606 3542 -

378 3589 505 3643 Ceterum
523 3589 552 3643 in
572 3589 717 3643 Thaletum
736 3587 826 3642 indice
845 3587 914 3640 aliae
933 3586 1021 3640 inesse
1041 3586 1171 3641 ridentur
1190 3586 1374 3642 difficultates.
1403 3588 1518 3658 Scripsit
1537 3589 1608 3644 mihi

377 3677 613 3733 Wilamowitzius:
633 3681 723 3730 ‘Sollte
731 3682 758 3729 in
768 3682 825 3729 dem
836 3679 861 3727 T
857 3678 1098 3746 kaleaverzeiclmiss
1107 3679 1179 3728 nt'clrt
1186 3681 1242 3728 eim
1248 3679 1339 3746 grosse
1348 3683 1520 3745 verwa'rrung
1529 3685 1585 3731 seria
1593 3685 1611 3732 Ρ

448 3771 508 3821 Der
527 3773 612 3820 maler
630 3772 687 3819 und
703 3771 752 3819 der
769 3785 820 3818 von
839 3769 927 3817 Duris
945 3770 972 3817 in
996 3770 1053 3817 dem
1076 3770 1228 3818 malerbucla
1245 3770 1378 3818 erwdhnte
1396 3772 1457 3819 sarad
1474 3772 1537 3820 doch
1555 3776 1610 3822 wal

376 3864 512 3911 dieselben.
562 3861 623 3909 Was
646 3861 694 3909 der
713 3859 812 3925 sainste
836 3873 907 3916 war,
935 3859 970 3907 ist
990 3859 1061 3907 nsaht
1080 3864 1198 3923 gesagt,·
1223 3860 1325 3908 denken
1349 3861 1446 3910 mdclcte
1474 3877 1535 3909 man
1559 3879 1606 3911 am

377 3953 483 4000 liebsten
501 3966 537 3999 an
556 3966 596 3998 no.
616 3948 640 4000 1.
678 3949 712 3997 In
731 3963 771 3996 ιιο.
791 3945 809 3996 4
826 3948 952 4011 dagegen
970 3947 1050 3998 steckt
1065 3948 1108 3996 αἰι
1125 3949 1258 4011 doppelter
1280 3948 1391 3998 Thales:
1413 3949 1537 4000 Thaletas
1555 3953 1606 4001 der

377 4041 488 4100 Kreter,
510 4041 559 4088 der
577 4054 607 4087 ιιι
627 4037 740 4103 Lyleurg
755 4037 861 4100 geltdrt,
879 4037 936 4084 und
953 4037 1002 4084 der
1019 4037 1156 4103 versasser
1174 4038 1223 4086 cler
1241 4035 1351 4101 ναυτικὴ
1370 4033 1542 4107 ἀστρολογία,
1561 4041 1606 4089 die

376 4131 427 4178 wol
443 4131 491 4177 mit
506 4131 555 4178 der
572 4126 747 4176 heszodischen
774 4126 1018 4189 zusammenkdngt,
1038 4123 1188 4191 J'edensalls
1215 4129 1473 4192 zusammengestellt
1497 4130 1605 4178 werden

377 4215 485 4267 konnte'.
523 4213 597 4281 Quas
621 4212 793 4267 coniecturas
817 4211 865 4279 qui
886 4211 995 4280 probat,
1018 4209 1042 4264 is
1065 4209 1199 4264 Demetrii
1223 4211 1408 4266 testimonium
1429 4213 1466 4268 ad
1489 4215 1603 4268 tertium

376 4302 519 4358 revocabit
538 4302 688 4370 Thaletem,
710 4300 762 4355 nisi
780 4299 852 4355 forta
871 4299 962 4355 eiciat
982 4330 1015 4340 -
1035 4297 1178 4368 adparatu
1203 4298 1300 4354 critico
1327 4306 1357 4355 ut
1380 4300 1410 4356 in
1433 4301 1486 4356 hoc
1505 4302 1602 4358 indice

377 4392 419 4446 nti
436 4391 582 4462 potuerim,
600 4391 634 4446 H.
653 4391 769 4447 Usenari
787 4389 952 4446 liberalitate
971 4387 1074 4445 tactum
1093 4394 1144 4444 est
