3432 5400
1326 485 1387 552 153

168 659 256 724 tradi
279 663 313 724 et
335 677 394 740 per
424 675 558 741 corpora
579 658 806 741 biographica,
842 659 961 726 sensim
984 661 1017 726 in
1043 661 1217 730 lonicorum
1240 665 1390 732 mecden-

168 767 249 832 tiam
273 769 448 848 contracta,
473 770 507 832 et
528 785 588 849 per
609 767 703 848 ritas,
727 766 839 852 quales
863 774 896 835 et
912 768 946 834 in
973 769 1243 851 praelectionibus
1267 772 1390 839 schola-

169 876 260 942 sticis
288 874 551 956 interpretationi
579 875 772 957 scriptorum
802 874 1094 958 praemittebantur
1121 885 1155 945 et
1184 881 1218 946 in
1247 881 1390 947 codicum

169 981 329 1066 capitibus
352 982 642 1064 perscribebantur,
667 983 700 1048 id
723 1001 925 1067 nequaquam
953 1003 1026 1050 sera
1048 990 1173 1054 tantum
1202 989 1259 1054 illa
1281 992 1390 1055 aetate

169 1091 297 1171 accidit,
322 1091 418 1156 immo
441 1090 516 1157 inde
539 1090 580 1156 ab
603 1089 891 1158 Alexandrinorum
915 1092 1108 1160 editionibus
1131 1095 1179 1162 ita
1200 1095 1270 1162 fuit.
1313 1115 1390 1179 ergo

168 1197 304 1263 Albinus
340 1201 373 1262 et
401 1197 578 1279 Appuleius
614 1202 646 1263 et
674 1198 836 1280 Diogenes
870 1199 965 1281 plane
1000 1200 1134 1266 eandem
1156 1203 1255 1268 vitam
1282 1203 1391 1286 legere

169 1308 331 1388 poterant,
355 1322 436 1370 unus
464 1305 499 1369 in
526 1304 662 1372 Platone
691 1323 763 1386 suo,
793 1305 876 1371 alter
903 1306 936 1372 in
964 1310 1191 1376 commentario
1213 1311 1390 1394 Platonico,

169 1412 286 1478 tertius
310 1413 344 1477 in
368 1429 501 1495 corpore
524 1412 743 1496 biographico.
779 1413 878 1480 veluti
896 1413 1151 1499 olympiodorus,
1175 1419 1238 1484 nisi
1263 1421 1391 1503 egregie

170 1519 280 1600 fallor,
304 1538 370 1584 uon
392 1519 462 1600 ipae
493 1519 575 1586 adiit
596 1519 823 1603 Porphyrium,
860 1521 916 1587 sed
946 1541 1028 1605 quae
1058 1524 1233 1608 discipulus
1261 1527 1294 1593 in
1317 1528 1392 1594 Am·

170 1628 270 1694 monii
293 1626 403 1692 schola
425 1626 544 1694 litteris
569 1634 739 1711 exceperat
770 1647 839 1694 cum
868 1635 1059 1712 praeceptor
1082 1638 1194 1699 contra
1216 1634 1392 1702 Aristidem

172 1735 394 1816 baccharetur,
418 1740 589 1818 postquam
611 1736 762 1802 thronum
785 1736 945 1804 Ammonii
966 1740 1159 1821 conscendit,
1184 1759 1295 1807 secure
1317 1762 1391 1825 pro·
1522 1720 1525 1738 ¹

170 1845 310 1927 paganit.
346 1860 405 1908 nos
429 1847 536 1909 autem
558 1863 623 1912 non
644 1861 800 1926 personas
823 1845 1007 1928 quaerimus
1031 1847 1087 1912 sed
1109 1867 1192 1929 rem;
1218 1852 1391 1916 contemni·

169 1971 240 2018 mus
268 1969 360 2018 serve
389 1957 611 2034 excerptorum
638 1971 769 2035 pecora,
800 1959 959 2019 vetustam
986 1955 1141 2020 rimamur
1168 1956 1388 2024 eruditionem.

171 2061 280 2142 itaque
303 2079 367 2124 non
390 2060 526 2126 multum
549 2061 685 2126 interest
714 2060 841 2126 etiamsi
869 2061 998 2126 uomina
1025 2061 1223 2143 ignoremus:
1254 2069 1289 2129 at
1317 2083 1391 2130 con-

171 2167 372 2234 suetudinem
384 2167 557 2234 eorrmdem
569 2168 655 2234 haud
667 2169 791 2234 nescire
803 2169 947 2235 interest.
984 2186 1047 2234 uon
1058 2170 1204 2250 paenitet
1217 2190 1268 2236 me
1281 2189 1392 2237 eorum

171 2295 252 2358 quae
280 2277 314 2342 in
342 2275 463 2341 Herma
485 2276 548 2342 XII
571 2277 633 2341 341
659 2276 734 2341 dixi.
781 2295 841 2358 pro
873 2276 1039 2358 explorato
1068 2276 1172 2343 habeo
1199 2277 1392 2346 Pausaniam

171 2383 340 2450 Aelianum
369 2383 601 2450 Philostratum
630 2384 763 2450 Pindari
790 2383 940 2467 Aeschyli
969 2389 1133 2450 oratorum
1167 2387 1242 2452 vitis
1272 2387 1391 2454 eisdem

171 2510 246 2557 usos
282 2510 353 2557 esse
382 2511 464 2575 quae
494 2492 676 2558 etiamnunc
702 2493 736 2558 in
765 2496 933 2574 poetarum
968 2497 1194 2576 oratorumque
1230 2494 1391 2563 codicibus

172 2598 340 2682 leguntur,
371 2601 427 2665 sed
457 2619 521 2665 non
549 2600 661 2683 quales
689 2619 772 2666 nunc
799 2601 950 2683 leguntur
979 2601 1036 2666 sed
1064 2600 1175 2683 quales
1206 2607 1283 2667 tunc
1305 2603 1391 2685 lege-

173 2707 299 2773 bantur.
364 2709 545 2774 etiamnunc
579 2713 688 2789 tenco,
730 2708 936 2775 Plutarchum
971 2709 1004 2773 in
1040 2707 1170 2773 Cimone
1200 2708 1392 2791 Thucydidis

173 2815 240 2881 vita
267 2833 361 2881 usum
390 2833 473 2881 esse:
511 2833 548 2881 ac
575 2817 647 2883 vide
680 2833 831 2899 quorsum
862 2815 1012 2898 delapsus
1048 2816 1091 2881 sit
1115 2815 1291 2881 Schoellius
1314 2816 1392 2899 (Ru-

174 2921 294 2988 dolfum
325 2923 411 3005 dico,
442 2941 515 2988 uam
547 2924 588 2988 ad
610 2923 767 2990 Friderici
794 2923 932 3004 puerilia
961 2942 1025 2988 non
1054 2923 1241 3003 descendo):
1272 2925 1393 2989 mavult

174 3029 381 3096 Plutarchum
397 3030 438 3096 ad
455 3032 717 3097 commentarium
732 3030 936 3096 Pindaricum
952 3048 1112 3119 revocare,
1129 3027 1207 3094 facit
1221 3029 1392 3112 Didymum

174 3143 241 3204 tam
265 3138 399 3204 stultum
429 3143 466 3204 ut
493 3138 533 3203 de
558 3138 750 3222 Thucydidis
781 3137 928 3219 sepulcro
957 3138 998 3202 ad
1026 3136 1158 3201 Pindari
1182 3136 1392 3204 Nemeonicos

176 3251 261 3328 agat,
287 3265 359 3312 eum
381 3245 588 3312 Plutarchum
611 3247 644 3311 in
673 3245 891 3328 componenda
915 3243 1055 3310 Cimonis
1081 3245 1150 3309 rita
1178 3242 1393 3328 Thucydidem

175 3373 266 3421 suum
300 3354 477 3436 inspexisse
511 3373 575 3419 non
603 3355 681 3420 vult.
734 3353 858 3420 scilicet
885 3352 1025 3417 inaniter
1049 3352 1088 3417 de
1118 3353 1246 3419 nomine
1279 3359 1391 3435 certat,

175 3482 246 3530 cunr
273 3463 445 3544 Didymum
479 3462 652 3528 demedio
687 3461 801 3528 tollere
828 3465 916 3542 aret,
951 3460 1061 3542 itaque
1090 3478 1158 3525 rem
1194 3480 1211 3525 e
1246 3462 1393 3527 manibus

176 3571 259 3636 elabi
281 3570 415 3653 patitur.
449 3587 524 3635 nam
546 3569 597 3636 fac
619 3569 773 3651 Didymus
796 3587 861 3632 non
883 3567 1066 3649 scripsisset
1088 3568 1188 3633 vitam
1200 3568 1393 3651 Thucydidis

175 3680 357 3764 (scripsisse
380 3699 444 3745 non
468 3683 589 3744 certum
613 3677 670 3742 sed
693 3675 786 3742 valde
807 3674 975 3757 probabile
999 3674 1073 3761 est),
1098 3695 1156 3757 pro
1181 3695 1218 3740 eo
1242 3677 1270 3740 is
1295 3677 1395 3758 scrip-

176 3793 236 3870 tor,
254 3806 429 3870 anonymus
446 3785 594 3867 fortasse,
612 3784 777 3868 ponendus
794 3788 844 3849 est
860 3783 915 3866 qui
929 3781 1029 3849 vitam
1045 3782 1237 3864 Thucydidis
1254 3783 1392 3865 scripsit,

176 3914 240 3979 qua
262 3914 338 3962 usus
362 3901 412 3962 est
435 3900 469 3961 et
483 3893 675 3960 Plutarchus
699 3897 741 3974 et,
766 3897 937 3975 postquam
960 3897 994 3957 et
1016 3891 1128 3957 exilior
1152 3896 1185 3957 et
1211 3891 1394 3957 mendosior

175 4002 262 4068 lacta
277 4008 336 4084 est,
360 4003 484 4086 Antylli
498 4001 749 4083 Marcellinique.
787 4019 804 4064 e
829 4001 963 4066 circuitu
986 4000 1027 4064 ad
1050 4004 1084 4064 te
1106 3998 1197 4065 redii.
1238 4016 1325 4080 sane,
1349 4001 1393 4064 mi

176 4111 307 4193 Maassi,
330 4111 477 4176 umbram
504 4113 692 4192 persecutus
722 4127 756 4172 es
786 4126 856 4174 curu
880 4107 1096 4189 Thucydidem
1118 4106 1254 4170 Aratum
1276 4105 1393 4171 Home-

176 4214 283 4300 rum³)
313 4219 354 4283 ad
381 4219 573 4284 Favorinum
601 4215 774 4282 revocasti:
803 4216 860 4280 sed
887 4215 921 4279 id
944 4218 1032 4279 recto
1056 4218 1090 4279 et
1117 4213 1254 4294 simplici
1275 4212 1393 4279 iudicio

248 4358 271 4424 ³)
292 4359 334 4414 De
351 4358 461 4428 Sibyllis
479 4375 534 4414 non
556 4357 659 4414 reticeo
680 4356 747 4410 mihi
765 4371 827 4410 cum
845 4360 959 4425 propter
978 4352 1077 4408 Suidae
1096 4353 1319 4422 compositionem
1336 4361 1394 4409 tum

176 4453 324 4516 propterea
342 4447 414 4516 quod
427 4445 529 4503 Rufum
540 4447 574 4502 de
588 4445 698 4517 Sibyllis
714 4451 842 4502 accurate
855 4444 941 4514 egisse
954 4446 1062 4498 constat
1074 4457 1093 4514 e¹
1101 4441 1194 4498 Photii
1207 4441 1323 4513 Sopatro
1336 4442 1394 4499 reri
