3420 5408
1395 491 1415 556 5

190 681 368 764 confutare,
404 685 592 766 praeplacet
618 685 751 749 nimium
781 683 858 748 mihi
887 685 950 766 ipsi
978 685 1011 749 in
1045 703 1081 750 re
1109 686 1279 752 manifesta
1313 689 1415 753 videri

189 809 284 875 quam
308 809 386 874 erga
409 792 634 857 Nietzscheum
657 793 829 873 ingratum,
859 791 978 874 quippe
1002 794 1052 856 cui
1077 794 1117 858 oh
1148 795 1221 859 illas
1245 813 1325 876 quas
1349 796 1414 861 dixi

190 900 476 965 commentationes
504 917 555 964 me
587 901 723 964 sentiam
753 899 944 964 devinctum.
993 900 1074 964 Nam
1103 908 1257 995 quotum
1285 904 1419 985 vigebat

190 1007 462 1094 ardoreliuvenili
484 1005 611 1071 libellos
636 1023 711 1071 suos
733 1006 781 1069 ita
804 1005 929 1087 imbuit,
955 1009 991 1072 ut
1013 1007 1190 1090 legentium
1214 1011 1338 1076 animos
1363 1031 1414 1076 ca·

188 1117 259 1199 piat
284 1122 318 1181 et
340 1119 658 1195 commoveatatque
674 1114 755 1178 adeo
778 1118 870 1178 tanta
886 1114 1059 1196 perfundat
1081 1116 1257 1198 voluptate,
1283 1125 1319 1184 ut
1334 1120 1414 1184 vitia

132 1299 136 1311 ·
189 1222 478 1306 argumentationis
501 1223 563 1287 nisi
587 1226 680 1286 acute
703 1221 843 1287 viderint
866 1241 931 1287 non
954 1223 1136 1305 dispiciant.
1176 1225 1220 1290 Et
1242 1226 1321 1291 vitia
1344 1227 1414 1308 qui·

190 1333 261 1398 dem
288 1351 327 1397 ex
357 1351 422 1397 una
448 1329 567 1396 hac‘re
585 1330 707 1395 ‘omnia
741 1329 834 1394 facile
868 1335 1060 1412 repetuntur
1100 1333 1199 1414 quod,
1236 1335 1313 1416 quid
1342 1353 1413 1399 esse

188 1441 300 1524 possit,
326 1440 402 1522 quid
426 1439 469 1504 sit
491 1439 675 1519 verisimile,
701 1437 778 1521 quid
801 1457 934 1520 prorsus
950 1439 1177 1521 necessarium,
1202 1460 1261 1506 nee
1276 1439 1310 1506 id
1333 1447 1413 1506 tem·

187 1549 276 1631 poris
299 1566 403 1630 neque
426 1566 566 1630 unquam
587 1546 770 1612 discernere
786 1547 902 1628 potuit,
927 1547 1059 1629 profusa
1074 1567 1189 1630 nempe
1213 1550 1321 1630 cupita
1345 1549 1412 1616 eiii-

189 1657 293 1722 ciendi
321 1655 454 1722 libidine
477 1655 639 1720 interdum
664 1655 755 1737 quasi
780 1655 970 1720 caecutiens.
1020 1655 1135 1721 Tribus
1160 1657 1287 1722 omnino
1313 1659 1412 1740 scrip·

187 1765 312 1830 toribus
340 1764 395 1828 ille
419 1763 584 1828 Laertium
613 1781 705 1827 usum
734 1781 805 1828 esse
830 1769 949 1844 censet,
979 1763 1090 1828 Diocle
1115 1765 1327 1846 potissimum,
1352 1765 1412 1830 Fa-

186 1873 312 1953 vorino,
343 1871 484 1953 sceptieo
508 1871 659 1953 quodam;
689 1871 810 1936 Dioclis
834 1869 1014 1957 ἐπιδρομὴν
1037 1875 1102 1937 τῶν
1124 1869 1316 1957 φιλοσόφων
1340 1892 1412 1938 eum

186 1981 220 2044 in
252 1985 358 2045 artum
389 1979 533 2060 coegisse
562 1977 763 2060 interpositis
793 1979 955 2044 nonnullis
989 1981 1028 2044 de
1057 1981 1215 2046 Favorino
1251 1980 1412 2062 decerptis

114 2137 116 2142 .
186 2087 449 2165 narratiunculis;
476 2086 688 2168 scepticorum
712 2086 849 2168 denique
866 2092 899 2152 et
914 2086 1035 2170 placita
1058 2094 1092 2153 et
1115 2087 1347 2152 successionem
1372 2090 1412 2154 de

187 2196 318 2261 serioris
342 2193 447 2277 aevi¹)
470 2195 627 2277 scriptore
650 2195 846 2276 provenisse.
894 2195 937 2259 Et
960 2195 1020 2260 hoc
1048 2195 1176 2277 quidem
1200 2213 1310 2260 verum
1334 2195 1411 2260 mihi

186 2304 322 2384 videtur,
347 2303 458 2386 priora
481 2307 576 2367 erunt
599 2301 728 2366 reicula.

276 2411 377 2478 Simul
412 2430 482 2475 cum
512 2409 703 2478 Nietzscheo
735 2410 791 2474 Fr.
824 2410 1072 2475 Bahnschius
1106 2411 1339 2492 ‘quaestionum
1372 2413 1411 2478 de

186 2520 309 2586 Laertii
332 2519 488 2600 Diogenis
512 2517 654 2583 fontibus
678 2517 780 2583 initia'
807 2519 897 2602 [diss.
923 2519 1191 2600 Regimontanam
1210 2519 1411 2585 Gumbinnae

189 2628 288 2712 1868]
319 2625 510 2708 conscripsit
538 2625 645 2691 sobrio
682 2629 839 2708 cautoque
875 2625 991 2692 iudicio
1024 2628 1203 2708 conspicua.
1258 2625 1319 2706 Qui
1347 2647 1411 2693 non

187 2735 328 2800 universi
352 2735 459 2817 operis
483 2734 639 2816 originem
664 2735 785 2816 cupivit
809 2733 936 2816 aperire
961 2735 1017 2800 sed
1040 2741 1107 2799 tam
1132 2737 1277 2817 angustis
1301 2739 1411 2802 termi-

185 2845 236 2908 nis
260 2843 481 2924 quaestionem
510 2841 682 2921 continuit,
713 2847 751 2906 ut
773 2843 897 2907 Laertii
926 2843 1119 2923 doctrinam,
1151 2845 1179 2909 si
1207 2864 1288 2927 quae
1314 2851 1409 2926 esset,

186 2957 219 3018 et
243 2951 403 3016 scribendi
427 2950 584 3016 rationem
608 2951 782 3015 inlustrare
806 2950 904 3015 vellet
927 2951 1089 3032 exemplis.
1126 2951 1268 3034 Cumque
1292 2952 1410 3018 exami-

184 3063 263 3123 nata
291 3058 433 3123 locorum
463 3059 556 3140 copia
585 3057 800 3123 intellexisset
827 3077 886 3122 nec
916 3057 1125 3140 philosophos
1155 3077 1214 3123 nec
1237 3059 1409 3126 historicos

183 3166 354 3248 perpaucis
379 3167 521 3247 exceptis
545 3165 608 3247 ipsi
631 3165 811 3231 innotuisse
835 3167 983 3246 Laertio,
1015 3167 1140 3231 addidit
1163 3185 1245 3248 quae
1270 3167 1309 3231 de
1333 3167 1408 3232 libri

185 3274 415 3356 compositione
432 3273 493 3338 sibi
516 3274 691 3355 placerent.
731 3273 775 3338 Et
790 3275 943 3339 maiorem
960 3275 1088 3355 quidem
1112 3279 1236 3356 partem
1261 3277 1409 3357 aequasi

184 3381 424 3446 fundamentum
449 3401 488 3446 ex
512 3380 728 3462 compluribus
751 3381 889 3446 vitarum
911 3381 1159 3464 dogmatumque
1183 3381 1352 3446 breviariis
1376 3387 1409 3448 et

184 3489 491 3572 apophthegmatum
520 3490 771 3556 conlectionihus
800 3489 829 3555 ei
857 3489 985 3554 videtur
1013 3491 1229 3553 construxisse
1258 3490 1347 3554 velut
1371 3510 1409 3555 ex

183 3597 331 3662 Neantbe
366 3598 527 3678 Antigono
563 3597 740 3680 Hermippo
775 3595 947 3661 Heraclide
983 3595 1102 3660 Lembo
1139 3595 1320 3679 [Σωτίωνος
1355 3597 1408 3660 καὶ

183 3702 332 3789 Σατύρου
361 3701 496 3789 ἓπιτομή
520 3705 557 3771 11.
584 3706 673 3770 Diels
697 3706 828 3787 doxogr.
860 3706 967 3786 graeci
991 3725 1021 3788 p.
1050 3705 1113 3769 148
1138 3704 1200 3788 sq]
1246 3705 1407 3771 Sosicrate

184 3813 375 3879 Antisthene
400 3814 581 3878 Alexandro
604 3813 807 3896 Polyhistore
836 3812 1023 3895 Hippoboto
1048 3813 1243 3894 Apollodoro
1273 3813 1407 3879 chrono-

183 3922 322 4004 grapho,
358 3922 513 3988 minorem
542 3940 581 3987 ex
610 3923 664 4004 iis,
697 3923 752 4004 qui
780 3921 868 3986 velut
898 3920 1049 3986 Favorini
1080 3919 1191 3986 Sabini
1219 3919 1407 4004 Pamphilae

253 4174 278 4244 ¹]
297 4173 453 4244 Scepticum
472 4175 538 4230 dicit
550 4174 740 4243 Nietzscheus,
760 4175 832 4244 quod
851 4173 940 4244 prima
959 4173 1030 4242 apud
1044 4172 1185 4228 Laertium
1200 4172 1329 4240 loquatur
1342 4188 1405 4240 per·

182 4280 255 4320 sona.
292 4263 323 4318 Id
342 4263 454 4318 falsum:
474 4281 529 4319 non
547 4263 671 4333 loquitur
689 4265 748 4334 ipsa
767 4265 814 4318 sed
834 4263 949 4332 loquens
974 4263 1114 4342 inducitur
1134 4260 1208 4314 velut
1226 4259 1267 4314 IX
1286 4261 1320 4316 74
1338 4282 1404 4334 προ-

181 4355 320 4426 φερόμεθα
339 4356 375 4420 de',
401 4375 495 4425 φασι,
520 4355 566 4416 τὰς
589 4353 740 4425 ἀποφάσεις
763 4359 799 4415 εἰς
817 4355 932 4427 μήνυσιν
957 4355 1000 4420 τῆς
1018 4352 1215 4423 ἀπροπτωσίας.
1253 4349 1295 4406 De
1315 4351 1404 4408 Theo·

181 4445 257 4498 dosio
276 4443 381 4499 Laertii
399 4451 512 4500 auctore
531 4449 622 4499 actum
642 4451 691 4499 est.
729 4445 769 4498 Cf.
787 4461 878 4514 progr.
897 4461 924 4514 p.
947 4446 986 4499 10.
1007 4442 1144 4496 Bahnsch.
1161 4457 1188 4510 p.
1209 4441 1250 4497 55.
