3420 5408
363 482 405 547 32

362 657 1591 745 perceptionoicmovdorocinconst,idemscil.Halicarnaseusis.

363 767 474 846 Quode
489 767 734 834 Wilamowitzic
751 768 929 833 adsentior:
955 769 1042 832 ‘Dor
1056 767 1189 834 don'sch
1204 767 1409 833 schrn'bondo
1420 770 1592 855 Pythago-

363 896 430 948 ras,
445 875 504 940 dor
514 896 580 940 ons
590 873 783 961 Dionysins
796 873 1012 948 calcortroird,
1030 873 1120 940 nond
1130 875 1202 952 onf
1213 876 1284 961 napi
1300 874 1460 960 μιμήσεως
1467 876 1590 960 gehon.

361 982 406 1044 In
428 1002 566 1046 unsaros
588 986 721 1067 excerpi
742 977 899 1065 [ἀρχαίων
922 985 1022 1066 κρίσις
1048 983 1113 1048 τ.4
1139 983 1215 1062 (vol.
1243 983 1277 1048 V
1286 988 1323 1067 p.
1344 983 1409 1047 430
1432 979 1591 1065 mesko]

361 1094 468 1153 κακοί
480 1087 616 1173 Dionys
630 1088 858 1174 Pythagoran
880 1085 935 1152 die
956 1109 994 1153 er
1015 1087 1092 1161 lon,
1121 1109 1168 1152 on
1190 1089 1297 1152 denen
1318 1109 1356 1151 or
1377 1087 1442 1152 den
1464 1086 1595 1152 diolckt

361 1195 560 1259 heroorlrebt.
596 1192 684 1280 Doſs
705 1215 743 1258 er
759 1192 815 1259 die
837 1192 1021 1259 notorischo
1042 1192 1277 1259 na'clrtexistenz
1299 1194 1411 1281 ἄελλαν
1425 1192 1592 1278 schristen

360 1298 430 1365 αἰλ
454 1322 489 1365 so
511 1321 584 1364 nom
607 1301 699 1365 halae
715 1299 854 1386 schoffte
877 1299 972 1382 [καθ’
995 1299 1210 1385 dracontion}
1235 1299 1281 1365 ist
1298 1301 1376 1366 scin
1393 1299 1591 1385 glonbliclz’.

446 1406 467 1472 f.
491 1407 785 1471 Demetrierum
813 1407 842 1471 V
865 1407 909 1470 84
936 1405 1047 1483 ἔνατος
1073 1403 1334 1493 Ἀδραμυττηνὸς
1365 1408 1593 1493 γραμματικὸς

361 1513 548 1598 ἐπικληθεὶς
565 1510 676 1590 Ἰξίων
699 1511 755 1578 διὰ
778 1511 815 1576 τδ
839 1509 990 1598 ἀδικῆσαί
1011 1539 1042 1579 τι
1065 1515 1176 1586 δοκεῖν
1203 1519 1278 1598 περὶ
1304 1516 1363 1598 τήν
1379 1511 1493 1599 Ἦραν.
1541 1513 1592 1576 De

360 1622 479 1687 Ixionis
510 1627 618 1687 aetate
646 1623 700 1704 qui
728 1621 813 1686 serio
838 1622 1006 1686 diversam
1019 1621 1143 1703 volgari
1173 1622 1368 1686 sententiam
1397 1619 1589 1698 defenderit,

361 1729 427 1794 scio
462 1729 610 1811 equidem
645 1729 814 1793 neminem.
868 1728 967 1807 Quem
998 1745 1068 1793 cum
1097 1746 1156 1810 per
1182 1728 1353 1810 Didymum
1388 1726 1591 1809 saepiuscule

362 1839 487 1901 constet
501 1836 535 1900 in
552 1835 674 1900 scholia
685 1834 857 1901 Homerica
872 1835 1066 1916 pervenisse,
1083 1835 1219 1916 Didymo
1236 1834 1348 1900 volunt
1363 1835 1589 1916 antiquiorem.

359 1943 541 2008 Adsumunt
557 1942 642 2008 Suid.
661 1961 685 2007 S.
703 1962 732 2010 v.
751 1938 976 2027 Δημήτριος..
995 1939 1159 2023 ἐπεκλήθη
1182 1939 1218 2004 δὲ
1236 1938 1345 2018 Ἰξίων
1368 1934 1409 2013 ὦς
1423 1943 1484 2021 μέν
1498 1961 1589 2017 τινες,

361 2046 455 2112 διότι’
465 2050 600 2124 λοπίδας
620 2051 739 2136 χρυσᾶς
754 2047 898 2112 κλέπτων
920 2054 976 2112 τοῦ
992 2049 1027 2112 ὲν
1044 2043 1276 2133 Ἀλεξανδρείᾳ
1299 2047 1355 2132 τῆς
1369 2044 1470 2131 Ἤρας
1487 2039 1589 2123 ἀχάλ-

359 2176 460 2238 ματος
475 2154 647 2240 ἐφωράθη,
671 2152 714 2230 cie
730 2154 759 2217 δ’
775 2153 880 2230 ἄλλοι,
907 2151 955 2218 ὅτι
970 2149 1175 2239 ἀπεσύλησεν
1189 2150 1401 2239 Εὐριπίδειον
1416 2149 1591 2236 φιλότιμον

360 2259 396 2325 τὸ
412 2262 523 2346 δρᾶμα
539 2261 616 2343 ἔχον
638 2259 696 2326 τδν
706 2257 829 2340 Ἰξίονα
854 2260 912 2344 [?]‚
936 2265 1038 2347 ἓιεροι
1061 2259 1092 2324 δ’
1112 2257 1160 2325 ὅτι
1183 2262 1229 2347 τῷ
1243 2257 1473 2344 διδασκάλῳ
1487 2253 1590 2340 Ἀρι-

360 2365 431 2430 ond
437 2392 454 2454 ρ
461 2389 513 2454 χῳ
535 2363 706 2453 δντήρισεν
734 2367 817 2451 [scil.
841 2367 878 2432 δν
904 2369 950 2454 τῷ
979 2364 1061 2450 πρὸς
1087 2368 1146 2440 τὰς
1163 2362 1374 2453 Ἀριστάρχου
1402 2361 1589 2449 δξρχήσεις],

361 2471 465 2559 ὥσπερ
477 2469 610 2553 ὁἸξίων
621 2470 863 2559 εὖερχετήσασιν
874 2469 975 2540 αὐτόν
989 2482 1056 2548 τοϊς
1068 2476 1163 2548 θεοῖς
1172 2468 1362 2556 ἀχαριστεῖν
1374 2470 1587 2554 ἐπεχείρησεν.

448 2580 512 2645 Pro
547 2580 728 2645 Aristarchi
765 2581 866 2662 igitur
904 2580 1060 2661 discipulo
1099 2580 1221 2646 habent
1254 2579 1407 2645 Ixionem.
1468 2577 1589 2641 Tamen

360 2687 474 2752 resin
509 2686 640 2752 dubium
670 2687 814 2753 vocanda
842 2691 901 2752 est.
954 2685 1037 2764 Quid
1067 2687 1175 2752 enimi
1227 2685 1340 2751 Nonne
1371 2682 1591 2759 διδάσκαλος

359 2794 414 2858 ille
438 2795 485 2858 ita
507 2799 617 2876 potest
640 2795 751 2876 accipi,
774 2799 811 2859 ut
834 2794 898 2859 dici
921 2793 1005 2857 solet
1028 2794 1067 2858 de
1083 2793 1260 2859 Aristotele
1279 2792 1420 2858 Homero
1445 2790 1518 2855 aliis
1526 2786 1590 2869 ³⁰J?

360 2901 427 2966 Nec
450 2901 615 2966 dissimilis
634 2898 840 2987 Πάμφιλοςδ
857 2896 1090 2987 Ἀριστάρχειος
1107 2894 1344 2985 Ἀρτεμίδωρος
1359 2896 1377 2962 ὁ
1395 2895 1590 2981 Ἀριστοφά-

288 3024 290 3028 ’
359 3030 443 3082 νειος
471 3005 638 3093 Ἡρόδικος
672 3005 689 3072 δ
727 3007 930 3094 Κρατήτειος.
983 3006 1066 3084 Quid
1100 3006 1220 3088 igitur?
1278 3005 1312 3072 Si
1346 3005 1386 3069 de
1421 3003 1590 3084 scriptoris

360 3115 522 3180 sententia
545 3133 608 3179 nou
633 3115 727 3180 dictis
751 3115 809 3180 sed
833 3114 963 3195 scriptis
983 3113 1184 3179 Demetrium
1207 3110 1346 3176 erudivit
1362 3109 1590 3174 Aristarchus?

361 3219 439 3285 (lum
454 3225 592 3302 utraque
607 3221 835 3303 interpretatio
859 3240 917 3303 per
939 3239 973 3286 se
989 3221 1137 3286 videatur
1152 3217 1339 3300 probabilis,
1363 3217 1443 3282 haec
1459 3214 1589 3280 articuli

361 3327 492 3394 Suidani
515 3329 675 3410 particula
695 3329 789 3396 nobis
812 3329 1006 3396 semovenda
1029 3331 1092 3406 est3
1118 3329 1222 3390 restat
1243 3323 1370 3388 initium
1388 3327 1429 3390 A.
1452 3319 1591 3404 γεγονώς

431 3505 466 3577 ³⁰)
486 3505 525 3560 Cf.
546 3521 580 3560 ex
598 3521 637 3574 gr.
658 3505 790 3560 calenum
809 3504 855 3575 [ad
874 3503 1025 3573 Epigenem
1042 3500 1099 3554 XII
1116 3516 1144 3570 p.
1164 3501 1215 3556 626
1235 3498 1327 3567 llhhn]
1350 3496 1383 3551 de
1403 3496 1588 3564 sophistarum

360 3594 507 3649 certamine
527 3594 723 3663 disputantem:
744 3591 1008 3664 προπηλακιζόμενος
1025 3588 1069 3644 ὑπ’
1089 3589 1176 3644 αὐτῶν
1198 3590 1242 3642 ἐπὶ
1260 3587 1328 3642 τοῦτ’
1351 3582 1436 3654 ἦλθον
1450 3583 1589 3658 Ὁμήρου

360 3705 400 3757 με
419 3685 663 3744 παιδεύσαντος
681 3681 765 3754 ιἄνδρ’
785 3679 979 3754 ἐπαμύνασδαι
1006 3679 1047 3735 ὅτε
1076 3700 1115 3740 τις
1143 3675 1270 3749 πρότερος
1294 3675 1437 3750 gisleniani
1466 3675 1588 3742 τοιαύτην

355 3767 410 3827 οὖν
428 3773 514 3845 ἀρχὴν
532 3777 607 3846 ἔσχεν
626 3769 641 3838 ᾗ
659 3768 727 3842 πρδς
745 3769 839 3831 nicorio
855 3776 990 3826 συνουσία.
1028 3769 1097 3826 ibid.
1110 3784 1136 3837 p.
1152 3769 1205 3823 582
1224 3766 1344 3843 Galenus
1363 3765 1487 3835 scripsit:
1502 3763 1588 3834 Ἀρι-

360 3867 514 3929 στοτὲλης
533 3859 547 3915 δ
567 3860 752 3932 φιλόσοφος
781 3859 949 3914 διδάσκων
976 3857 1059 3930 ἡμᾶς
1083 3861 1112 3912 ἐν
1138 3858 1176 3928 τῷ
1201 3857 1260 3926 περὶ
1285 3856 1449 3925 σοχιστικῶν
1470 3856 1589 3925 ἐλέγχων

360 3951 552 4023 συγγράμματι
570 3954 624 4005 κτλ.
644 3981 676 3990 -
696 3949 853 4004 Beccardus
873 3948 927 4019 [⁴de
953 3948 1065 4002 scholiis
1089 3947 1118 4000 in
1136 3945 1249 4001 Homeri
1267 3944 1383 4000 Iliadem
1401 3943 1515 3998 Venetis
1534 3943 1588 3998 Be·

359 4039 441 4094 rolini
462 4041 530 4096 1850
549 4056 575 4108 p.
595 4041 628 4094 66
642 4037 681 4108 n]
701 4053 762 4092 cum
781 4037 814 4092 de
834 4036 1002 4105 cognominis
1021 4035 1095 4090 illius
1114 4033 1345 4104 explicationibus
1357 4032 1465 4102 egregia
1484 4031 1523 4086 sic
1542 4033 1586 4086 iu·

359 4129 489 4184 dicasset:
508 4133 656 4180 contrariae
675 4133 737 4180 illae
759 4125 876 4179 ‘Ixionii'
895 4130 1077 4193 explicationes
1094 4129 1362 4184 demonstrantem,
1380 4125 1585 4188 utplerumqne

351 4222 391 4286 fit
407 4223 434 4271 in
453 4223 647 4284 cognominibus
665 4221 847 4278 inlustrandos,
872 4220 1010 4283 ignorasse
1032 4217 1238 4281 lexicographos,
1262 4217 1333 4266 unde
1351 4214 1387 4263 D.
1407 4214 1476 4262 illud
1493 4229 1587 4262 nomen

359 4312 492 4374 occeperit,
514 4306 614 4374 prohat
633 4311 724 4360 tamen
742 4321 797 4360 non
815 4310 890 4360 recte
909 4303 962 4358 etsi
980 4303 1138 4359 dubitanter
1150 4301 1342 4356 Aristarchum
1355 4297 1490 4353 Demetrii
1502 4297 1586 4353 fuisse

360 4396 518 4464 magistrum
538 4395 583 4464 [ef.
603 4395 684 4450 etiam
704 4411 730 4464 p.
749 4397 782 4450 51
804 4395 850 4462 ολ.
