3432 5400
342 468 405 533 160

340 647 366 712 si
389 646 473 726 inde,
498 644 584 726 quod
606 663 659 710 res
681 649 760 710 nota
783 647 880 727 atquc
904 643 944 708 de
968 643 1064 710 trivio
1088 647 1216 725 sumpta
1239 643 1324 725 apud
1340 641 1449 725 plures
1473 659 1560 708 com-

339 752 495 837 pilatores
517 753 687 832 invenitur,
714 751 899 834 ceteroquin
923 755 1055 816 auctore
1078 751 1215 832 privata,
1245 751 1343 816 semel
1367 750 1477 816 addito
1500 770 1561 816 no-

339 861 424 927 mine
462 861 541 926 item
569 858 801 942 compilatoris,
835 857 1003 924 deducitur
1034 858 1119 924 hunc
1148 857 1389 940 compilatorem
1418 858 1562 927 omnium

340 987 411 1035 esse
433 966 562 1034 fontem.
610 967 696 1051 quod
725 966 785 1031 tibi
809 965 964 1031 accidisse
992 965 1134 1032 arbitror
1161 967 1195 1031 in
1219 965 1346 1047 Sabino,
1371 965 1500 1031 rhetore
1524 971 1562 1030 et

339 1077 493 1142 historico
517 1075 663 1158 (scripsit
686 1074 770 1140 enirn
793 1073 927 1139 Periclis
951 1073 1064 1158 vitam)
1087 1073 1292 1139 Hadrianeae
1316 1073 1443 1139 aetatis.
1480 1073 1561 1139 Dio-

340 1202 438 1266 genes
458 1184 490 1248 in
507 1183 662 1248 laterculo
679 1180 907 1263 discipulorum
925 1179 1069 1246 Platonis
1093 1181 1227 1263 (11147)
1250 1179 1329 1246 haec
1351 1180 1450 1247 habet
1466 1179 1562 1246 Ὑπε-

340 1292 446 1377 ρείδην
468 1292 526 1355 τὸν
549 1289 666 1376 ῥήτορα
689 1288 885 1371 Χαμαιλέων
909 1287 983 1373 φησὶ
1006 1288 1060 1351 καὶ
1083 1288 1285 1370 Λυκοῦργον·
1317 1284 1433 1374 ὁμοίως
1458 1289 1561 1354 Πολέ-

340 1423 410 1483 μων
438 1397 568 1484 ἱστορεῖ·
598 1396 652 1460 καὶ
682 1399 894 1482 Δημοσθένην
921 1398 1060 1477 Σαβῖνος
1088 1394 1188 1476 λέγει,
1220 1397 1470 1480 Μνησίστρατον
1502 1393 1562 1461 τὸν

342 1504 468 1572 Θάσιον
501 1509 747 1592 παραθέμενος,
788 1503 824 1569 ἐν
857 1499 994 1590 τετάρτῳ
1027 1501 1227 1589 μελετητικῆς
1260 1499 1336 1589 ὕλης
1373 1504 1435 1586 (ica
1474 1505 1560 1570 enim

342 1612 631 1696 distinguendum),
662 1610 715 1675 καὶ
736 1608 817 1686 εἰκός
841 1610 934 1677 ἐστιν.
982 1611 1121 1676 recurrit
1143 1610 1229 1693 apud
1250 1611 1392 1693 reliquos
1417 1612 1560 1678 eiusdem

341 1720 429 1788 vitae
450 1719 638 1788 Platonicae
665 1719 864 1785 breviatores
887 1718 1135 1799 Demosthenes,
1165 1718 1249 1784 unde
1272 1724 1309 1785 tu
1332 1718 1479 1801 deducis,
1504 1720 1561 1787 Sa-

341 1826 409 1894 bini
432 1829 617 1894 memoriam
645 1827 732 1894 vitae
760 1825 808 1892 illi
836 1825 979 1907 inhrisse,
1008 1831 1105 1909 atquc
1134 1831 1275 1893 aetatem
1299 1824 1423 1893 definis.
1470 1829 1561 1912 atqui

342 1935 428 2001 fama
462 1935 502 2001 de
531 1934 747 2002 Demosthene
782 1934 927 2000 Platonis
962 1933 1118 2016 disciprdo
1153 1953 1249 2017 quam
1282 1935 1424 2017 vulgaris
1452 1935 1560 2019 fucrit,

342 2044 412 2126 ipse
436 2043 556 2125 optime
584 2042 684 2110 habes
713 2047 920 2124 compertum.
967 2041 1079 2124 quidni
1102 2059 1154 2107 res
1174 2041 1308 2108 infuisse
1331 2047 1441 2124 potest
1463 2044 1559 2126 vitae,

342 2158 460 2217 testem
488 2151 647 2217 novicium
676 2151 715 2216 de
746 2169 803 2217 suo
835 2149 997 2215 addidisse
1025 2149 1208 2231 Diogenes?
1242 2169 1306 2217 uon
1334 2149 1405 2216 dico
1438 2156 1561 2216 certum

342 2258 403 2324 hoc
426 2276 507 2339 esse,
537 2259 595 2324 sed
617 2256 689 2323 fieri
718 2257 779 2323 hoc
807 2274 932 2340 qnoque
956 2261 1078 2339 potest,
1108 2263 1141 2323 et
1169 2258 1246 2340 quia
1268 2255 1339 2322 fieri
1366 2263 1476 2339 potest
1498 2278 1561 2324 non

343 2371 410 2430 stat
437 2364 597 2431 conclusio
625 2370 691 2432 tua.
740 2367 859 2432 certius
886 2365 1038 2432 iudicium
1065 2367 1099 2430 in
1122 2365 1185 2430 alio
1214 2364 1341 2430 homine
1364 2364 1450 2432 ferre
1473 2367 1559 2447 licet,

343 2471 605 2538 MYRONIANO.
659 2491 753 2555 quem
789 2492 808 2538 a
837 2473 982 2557 Diogene
1015 2474 1133 2539 lectum
1168 2471 1318 2540 adfirmat
1351 2473 1560 2555 Bahnschius

343 2599 442 2662 negas
465 2585 510 2645 tu.
556 2598 631 2644 nam
660 2597 770 2646 servos
798 2580 1007 2663 philosophos
1034 2581 1222 2665 Pompylum
1252 2586 1285 2646 et
1308 2581 1393 2664 Myn,
1418 2599 1499 2665 quos
1522 2599 1560 2646 cn

343 2706 381 2752 eo
409 2687 508 2753 habet
529 2685 690 2768 Diogenes
714 2688 757 2771 (V
781 2689 833 2753 36.
859 2689 889 2752 X
912 2688 955 2773 3),
983 2689 1091 2755 redire
1119 2689 1204 2770 apud
1233 2689 1373 2755 Gellium
1395 2689 1427 2754 Π
1454 2689 1504 2770 18,
1528 2688 1560 2753 id

344 2811 415 2859 esse
438 2793 524 2875 apud
552 2793 754 2860 Favorinum.
802 2794 874 2876 scd,
904 2796 1032 2877 amabo,
1061 2797 1146 2863 unde
1175 2797 1252 2878 scis,
1278 2796 1416 2863 Gellium
1444 2796 1491 2861 ibi
1513 2795 1561 2861 uti

344 2901 521 2983 Omnigena
543 2900 710 2966 Historia?
756 2906 865 2968 tamne
892 2903 1081 2970 incredibile
1110 2922 1182 2970 eum
1211 2904 1259 2969 uti
1289 2909 1345 2969 cut
1372 2903 1560 2986 Myrouiano

344 3014 400 3074 ant
422 3008 591 3091 Hermippi
619 3008 742 3092 Berytii
771 3011 877 3093 amplo
907 3012 946 3077 de
975 3012 1076 3078 servis
1104 3011 1259 3076 litteratis
1288 3010 1407 3092 opere?
1441 3011 1499 3076 sed
1517 3015 1562 3076 ut

343 3115 493 3182 Favorini
514 3115 596 3181 illud
618 3115 675 3181 sit:
700 3116 777 3200 quid
799 3117 833 3182 id
856 3117 897 3184 ad
920 3118 1164 3202 Myrouianum?
1190 3137 1295 3184 nonne
1319 3122 1353 3183 ct
1375 3117 1427 3183 hic
1451 3123 1484 3184 et
1506 3117 1561 3182 illc

345 3229 378 3290 et
400 3228 557 3306 quotquot
571 3233 573 3240 ’
586 3224 730 3306 quamvis
758 3223 909 3290 imbecilli
939 3225 1084 3292 homines
1106 3244 1210 3308 nugas
1234 3225 1391 3291 extricare
1415 3225 1561 3308 concupi-

344 3337 459 3398 verunt
481 3331 566 3396 idem
590 3332 751 3414 conligere
773 3337 948 3415 potuerunt
972 3351 1010 3398 en
1031 3333 1235 3400 testamentis
1253 3332 1467 3416 Theophrasti
1490 3331 1561 3416 (54)

346 3444 379 3506 ct
401 3438 533 3521 Epicuri
556 3439 648 3524 (21)?
679 3444 792 3505 contra
818 3440 905 3505 haud
928 3440 1111 3523 ambiguum
1136 3442 1176 3507 dc
1199 3441 1387 3525 Myrouiano
1410 3441 1561 3506 iudicium

345 3548 422 3614 ferri
444 3552 554 3629 potest
577 3565 615 3610 cn
630 3546 776 3613 Platonis
799 3548 867 3613 vita
890 3551 942 3614 40.
988 3553 1141 3614 narratur
1163 3549 1209 3614 ibi
1233 3569 1271 3614 ex
1293 3548 1452 3614 Favorino
1476 3565 1561 3614 mors
1613 3626 1618 3636 Ι

344 3655 500 3735 Platonis,
525 3671 542 3718 c
566 3653 770 3737 Theopompo
795 3655 864 3739 (qui
879 3657 1037 3723 Favorino
1062 3657 1210 3744 debetur)
1234 3656 1418 3739 Philippum
1435 3655 1560 3722 Platoni

345 3766 533 3847 parentasse
562 3763 623 3848 (ita
654 3763 738 3828 enim
768 3763 887 3844 scribo)
915 3760 970 3849 ὑφ’
1000 3757 1037 3829 οὗ
1064 3764 1119 3828 καὶ
1146 3763 1228 3849 [ἐπι]
1255 3768 1436 3850 τιμηθῆναι
1464 3765 1562 3851 φησιν

345 3867 446 3938 αὐτὸν
474 3869 680 3954 Θεόπομπος·
713 3875 800 3956 Μνρ.
829 3871 859 3935 δ’
891 3869 928 3935 ἕν
949 3868 1090 3953 Ὁμοίοις
1118 3872 1194 3959 φησὶ
1226 3872 1357 3936 Φίλωνα
1387 3875 1562 3958 παροιμίας

344 3975 556 4066 μνημονεύειν
578 3975 650 4064 περὶ
671 3979 737 4042 τῶν
755 3973 929 4052 Πλάτωνος
952 3978 1100 4066 φθειρῶν
1123 3975 1165 4054 ὥς
1187 3975 1285 4055 οὕτως
1300 3973 1400 4044 abaci
1422 3976 1561 4062 τελεστή-

345 4102 476 4162 σαντος·
505 4086 559 4149 καὶ
581 4083 684 4171 ἐτάφη
708 4084 744 4150 ἐν
760 4080 961 4168 Ἀκαδημείᾳ
984 4083 1045 4152 ιιτὲ.
1104 4087 1132 4152 si
1155 4086 1240 4170 quod
1263 4087 1352 4152 aliud
1377 4085 1439 4152 hoc
1462 4088 1561 4152 intru-

346 4216 402 4263 sae
416 4193 616 4275 ineptissime
631 4192 827 4258 narrationis
843 4193 1022 4275 exemplum
1036 4194 1242 4261 luculentum.
1281 4199 1379 4278 atquc
1393 4195 1561 4261 tenendem

347 4310 397 4372 est
419 4301 613 4384 praecedere
627 4300 821 4366 Favorinum
843 4299 957 4365 iterna
977 4301 1120 4384 Diogene
1135 4302 1263 4368 lectum.
1304 4321 1343 4368 ex
1365 4302 1425 4370 hoc
1447 4303 1560 4386 laqueo

347 4418 380 4479 te
404 4408 547 4476 servabis
572 4408 632 4489 ita,
660 4413 697 4473 nt
727 4408 949 4490 Myrouianum
977 4429 1107 4476 revoces
1135 4411 1175 4476 ad
1204 4411 1405 4477 Favorinum.
1458 4411 1559 4494 audio,
