3432 5400
354 434 396 495 94

351 627 409 689 per
426 608 617 673 Favorinum
633 608 817 690 pervenisse
834 607 930 673 etiam
947 609 1176 693 Hieronymum
1199 607 1232 674 iu
1248 606 1453 674 Laertianam
1474 609 1576 674 farra·

352 717 474 796 ginem;
500 719 671 796 praetcrea
694 715 858 780 inventum
882 716 1041 798 quoddam
1067 717 1312 798 astrologicam,
1338 717 1488 798 quoniam
1511 737 1576 781 ma·

351 821 469 887 nifesto
483 818 536 906 ¹⁰⁷)
561 841 599 886 ex
624 822 972 903 apomnemoneumatis
995 824 1145 889 Favorini
1168 822 1269 888 duxit.

442 929 490 993 De
513 929 648 1011 reliquis
672 931 699 994 si
723 928 962 1012 praeplaeuerit
987 930 1133 1012 haerere,
1158 951 1222 996 uon
1246 931 1419 996 intercedo.

609 1199 641 1262 4.
676 1199 717 1263 lle
742 1197 873 1262 Favorini
896 1198 1044 1280 dogmatis
1068 1200 1316 1281 philosophorum.

443 1359 481 1423 In
505 1363 692 1423 transcursu
723 1377 793 1422 eoru
822 1359 980 1440 attingam
1008 1359 1229 1440 quaestionem
1257 1377 1340 1442 quae
1364 1364 1414 1422 est
1437 1358 1477 1424 de
1501 1359 1575 1440 dog-

353 1471 474 1532 matum
503 1466 765 1549 philosophorum
789 1464 1034 1530 Laertianorum
1065 1467 1198 1548 origine.
1245 1466 1429 1532 Nietzschei
1457 1466 1577 1548 opinio-

353 1594 427 1638 nem
461 1574 508 1637 ita
535 1593 634 1654 supra
669 1572 922 1653 emendavimus,
952 1576 989 1635 ut
1017 1571 1118 1637 solam
1147 1578 1330 1637 accuratam
1364 1571 1447 1635 κατὰ
1483 1575 1577 1658 μέρος

354 1680 572 1745 recensionem
601 1679 793 1760 placitorum
822 1679 1001 1744 Stoicorum
1029 1679 1134 1743 Diocli
1164 1680 1380 1745 redderemus
1429 1680 1510 1757 Quid
1537 1680 1575 1744 de

354 1786 554 1853 brevioribus
570 1785 807 1870 κεφαλαιωδῶς
821 1787 1077 1851 commemoratis
1091 1788 1296 1852 statuendum
1309 1788 1352 1852 sit
1368 1787 1574 1870 disceptatur.

445 1894 580 1958 Solitum
609 1893 754 1976 quamvis
782 1911 845 1957 non
875 1899 1075 1958 constantem
1102 1913 1223 1959 morem
1247 1894 1398 1959 Laertius
1422 1895 1575 1976 sequitur,

353 2009 390 2067 ut
413 2002 646 2083 bipartitam
670 2000 872 2064 decretorum
897 2001 1047 2066 exhibeat
1070 2001 1240 2083 syllogam‚
1265 2001 1298 2067 id
1321 2003 1406 2084 quod
1430 2002 1499 2084 ipse
1523 2002 1577 2066 ad-

354 2109 462 2174 firmat
473 2109 534 2174 VII
547 2109 598 2174 38.
625 2108 724 2185 Quem
738 2126 777 2171 ex
788 2114 954 2172 auctorum
967 2108 1156 2174 diversitate
1172 2109 1394 2190 explicandum
1410 2127 1482 2176 esse
1497 2108 1577 2174 vidit

354 2217 554 2282 Bahnschius
579 2212 623 2301 [p.
649 2216 691 2279 43
716 2211 789 2300 sq.]‚
814 2216 964 2296 probavit
987 2216 1147 2280 Dielesius
1177 2213 1391 2302 [doxographi
1413 2217 1521 2298 graeci
1544 2236 1573 2298 p.

358 2326 418 2388 163
448 2320 543 2408 sqq.].
590 2323 751 2387 Dielesius
780 2323 916 2387 alteram
945 2341 983 2386 ex
1011 2323 1136 2387 diutino
1165 2322 1287 2388 Laertii
1316 2324 1423 2388 studio
1453 2324 1576 2388 addidit

356 2431 611 2496 observationem
640 2429 728 2494 illam
763 2428 1031 2512 compendiariam
1060 2430 1237 2495 doctrinam
1267 2431 1362 2495 simul
1397 2449 1467 2496 cum
1501 2431 1575 2496 vitis

355 2539 516 2604 iuvenisse
554 2536 727 2601 Laertium.
783 2537 956 2602 Videamus
995 2542 1152 2618 quatenus
1192 2544 1304 2604 nostra
1343 2539 1491 2620 quaestio
1528 2537 1574 2601 illi

355 2645 471 2711 faveat.

343 2797 351 2808 .
446 2773 473 2817 a.
499 2753 545 2816 Ac
568 2751 705 2832 primum
721 2751 847 2832 quidem
872 2751 1105 2817 ostendendum
1128 2756 1178 2817 est
1193 2770 1307 2833 reapse
1330 2751 1430 2817 inisse
1454 2751 1487 2817 in
1509 2751 1574 2816 bio·

357 2860 480 2943 grapho
515 2858 688 2924 Laertiano
723 2859 861 2924 decreta.
914 2858 1089 2924 Ostendam
1125 2860 1164 2924 de
1200 2859 1485 2942 Pythagoricis
1532 2859 1574 2924 Ut

356 2968 559 3050 Pythagorae
588 2967 740 3047 dogmata
768 2985 826 3047 per
848 2971 952 3033 totam
979 2968 1065 3031 vitae
1094 2967 1342 3049 descriptionem
1369 2968 1573 3048 neglegenter

357 3077 522 3157 dispersae
546 3075 620 3154 sint,
645 3075 746 3154 ipsius
769 3073 892 3138 Laertii
916 3078 966 3138 est
989 3074 1182 3154 institutum,
1207 3075 1326 3156 quippe
1342 3076 1396 3156 qui
1421 3075 1573 3156 originem

358 3183 523 3247 doctrinae
547 3200 624 3246 suae
648 3181 772 3245 celandi
797 3199 893 3246 eausa
916 3181 949 3245 iu
972 3181 1048 3245 vitis
1071 3181 1156 3246 idem
1184 3180 1299 3247 fecIsse
1327 3182 1462 3246 aliorum
1494 3200 1573 3246 eom·

358 3289 526 3371 paratione
557 3327 595 3333 —
626 3287 796 3370 Porphyrii
828 3289 1020 3369 praesertim
1049 3324 1094 3334 -
1122 3293 1287 3370 arguatur.
1344 3289 1461 3354 Utrum
1496 3288 1573 3352 κατὰ

358 3401 455 3482 μέρος
483 3415 523 3461 an
552 3394 783 3480 κεφαλαιωδῶς
805 3395 1020 3477 Pythagorica
1048 3396 1245 3461 recensuerit
1272 3396 1392 3478 placita
1421 3397 1491 3478 ipse
1518 3414 1574 3461 nee

359 3506 439 3569 dixit
462 3522 521 3567 uec
550 3504 631 3567 scire
661 3503 792 3566 attinet:
822 3503 903 3567 satis
926 3508 977 3566 est
1000 3503 1085 3585 quod
1108 3522 1191 3570 nunc
1213 3522 1358 3584 propono
1384 3504 1574 3585 ‘dogmata

358 3613 430 3677 illa
453 3613 500 3676 ad
522 3609 729 3693 biographi
752 3610 787 3676 L.
813 3610 1032 3674 memoriam
1056 3628 1140 3675 esse
1163 3610 1402 3677 revocanda’.

425 3720 574 3784 Laertius
597 3718 676 3782 haec
699 3717 840 3783 breviter
863 3716 1035 3797 adscripsit
1058 3717 1201 3798 symbola
1223 3717 1309 3797 VIII,
1337 3720 1376 3781 17
1402 3736 1485 3800 sqq.:

430 3922 529 3991 1⁰⁷)cf.
539 3920 675 3976 LaertIX
687 3921 881 3991 [Parmenides]
893 3923 938 3976 23:
1098 3921 1190 3976 Laert.
1209 3919 1277 3974 VIII
1296 3920 1400 3991 [Pyth]
1423 3923 1467 3976 14:

358 4016 404 4067 καὶ
423 4016 495 4066 δοκεῖ
513 4014 615 4082 πρῶτος
628 4015 816 4080 πεφωρακέναι
830 4012 875 4064 τὸν
892 4009 939 4063 αὖ·
993 4008 1095 4080 πριῖνιὸν
1125 4009 1153 4063 θ’
1176 4007 1309 4081 Ἕσπερον
1343 4013 1389 4063 καὶ
1426 4007 1574 4079 Φωσφόρον

358 4102 402 4155 τὸν
426 4104 495 4155 εἶναι
505 4098 640 4170 Ἕσπερον
660 4101 706 4151 καὶ
725 4099 886 4170 Φωσφόρον,
906 4096 941 4161 ὥς
993 4097 1037 4152 τὸν
1060 4098 1138 4153 αὐτὸν
1162 4104 1255 4163 εἰπεῖν,
1281 4102 1307 4152 oi
1330 4101 1359 4154 δὲ
1383 4118 1449 4170 paor
1467 4107 1572 4171 Παρμε-

360 4209 424 4259 anor
442 4195 640 4261 Φαβωρῖνος
665 4191 699 4240 ἰν
721 4192 856 4260 πέμπτῳ
878 4189 941 4240 τῶν
994 4189 1079 4253 vidpv.

360 4277 731 4349 ἀπομνημονευμάτων·
751 4280 776 4329 ci
794 4279 823 4330 dd
847 4283 940 4331 Heda-

359 4386 450 4438 μοραν.
