3432 5400
318 493 381 554 116

319 671 356 732 11
377 687 424 750 sq.
464 670 589 734 Desunt
612 668 667 748 ihi,
693 668 840 733 concedo.
882 668 925 732 At
942 672 1053 733 extant
1070 667 1133 734 alio
1151 668 1299 753 iustoque
1315 669 1400 736 loco:
1425 671 1544 734 misere

315 777 399 840 enim
423 781 456 840 et
479 776 588 858 inepte
612 776 670 842 illa
685 794 768 858 quae
785 775 940 858 exscripsi
956 775 1055 840 verba
1071 778 1272 858 transposuit
1287 778 1439 844 Eudocia.
1481 776 1543 859 [Cf.

313 884 421 948 Laert.
447 903 500 965 pp.
527 885 603 964 263,
632 886 671 948 12
695 903 743 966 sq.
769 885 844 962 269,
873 885 909 946 11
938 902 983 965 sq.
1011 885 1086 964 274,
1114 886 1152 948 14
1177 884 1249 968 sq.].
1298 887 1397 952 Vides
1420 885 1545 950 Flachii

313 992 493 1072 peccatuml
503 992 643 1056 —Unus
655 1010 837 1073 repugnare
845 990 973 1056 videtur
984 991 1073 1057 locus
1084 991 1117 1056 in
1130 992 1270 1073 epistula
1283 993 1323 1058 ad
1331 993 1542 1059 Herodotum.

424 1148 553 1203 Laertius
571 1163 598 1215 p.
611 1149 672 1214 266,
691 1149 707 1202 5
727 1163 786 1216 sqq.
926 1152 929 1228 η
1062 1148 1187 1203 Endocia
1205 1167 1230 1219 p.
1247 1153 1305 1220 184,
1325 1153 1359 1206 29
1379 1167 1437 1219 sqq.

312 1233 558 1343 meldos
583 1257 637 1318 καὶ
663 1258 700 1320 τὸ
728 1257 900 1341 όιημαριη-
951 1238 1053 1322 πλ--όὲ
1075 1237 1339 1344 tpsr‘rrlocffi
1370 1259 1543 1344 διημαρτη-

312 1370 413 1446 μένον
451 1364 488 1429 ἐν
524 1367 570 1448 τῷ
613 1362 899 1448 προςόοξαζομένηι
955 1370 1054 1445 μένον
1092 1366 1129 1430 έν
1166 1369 1210 1450 τῷ
1248 1367 1542 1451 προσδοξαζομένῳ

316 1467 371 1534 ost
403 1465 469 1534 ἔστι
504 1469 587 1534 κατά
615 1472 671 1552 τὴν
705 1473 830 1554 κίνησιν
864 1469 900 1534 ἐν
956 1468 1007 1534 oiri
1042 1472 1107 1535 έσιι
1138 1471 1541 1558 [ἐπιμαρτυρηθῇσεσθαιΙ

311 1576 388 1660 ῇμῒν
410 1573 525 1651 αότοϊς
545 1581 749 1661 συνημμένην
764 1579 802 1666 τῇ
819 1599 901 1661 φαν-
955 1576 1010 1640 εἰτ’
1034 1574 1093 1642 criu
1120 1579 1449 1664 ἐπιμαρτυρουμένου]
1477 1578 1540 1642 κτλ.

311 1685 443 1773 ταστιιιῇ
466 1682 603 1772 ἐπιβολῇ
626 1681 789 1769 διάληψιν
812 1681 901 1762 ἔχου·
956 1683 1007 1768 [nt
1029 1684 1204 1769 Laertius}

312 1807 385 1870 σαν,
406 1792 487 1852 καθ’
501 1789 542 1873 ἢν
558 1788 594 1853 τό
610 1789 738 1875 ψεῦδος
749 1794 899 1869 γίγνεται.
926 1787 929 1875 l

404 1896 562 1978 Intellego
606 1897 787 1962 Laertium:
827 1897 1003 1963 Eudociam
1046 1918 1110 1964 non
1154 1919 1295 1980 possum.
1359 1900 1542 1980 Corrumpit

311 2003 462 2069 videlicet
485 2004 646 2069 Eudociae
670 2004 928 2085 supplementum
956 2005 1091 2087 probam
1115 2007 1238 2071 Laertii
1268 2008 1476 2085 sententiam,
1505 2011 1541 2069 ut

313 2110 399 2176 solet
421 2112 524 2192 proha
548 2111 747 2192 excerpendo
772 2111 960 2192 depravare.
999 2113 1042 2176 Et
1065 2119 1157 2193 patet
1177 2114 1260 2177 unde
1285 2133 1324 2178 ea
1348 2133 1430 2196 qnae
1452 2113 1542 2176 uncis

311 2217 427 2282 inclusi
463 2218 703 2298 constipaverit.
762 2217 797 2282 P.
830 2219 907 2298 184,
947 2222 985 2281 17
1016 2237 1063 2300 sq.
1100 2220 1249 2284 Laertius
1284 2221 1364 2284 haec
1398 2219 1539 2284 exhibet:

311 2321 394 2385 κατὰ
417 2325 454 2388 δὲ
476 2323 595 2408 ταύτην
617 2325 675 2406 τὴν
698 2327 900 2409 συνημμένην
927 2325 967 2411 τῇ
989 2328 1190 2414 φανταστικῇ
1218 2327 1359 2416 ἐπιβολῇ
1385 2325 1542 2412 διάληψιν

312 2429 464 2511 ἔχουσαν,
495 2429 564 2493 ἐὰν
587 2429 658 2512 μὲν
680 2427 729 2514 μῇ
754 2429 1064 2524 ἐπιμαρτυρηθῇ
1091 2435 1112 2516 ἢ
1135 2433 1473 2522 ἀντιμαρτυρηθῇ,
1496 2435 1540 2496 τό

312 2537 462 2622 ψεῦδος
484 2541 652 2614 γίνεται.

404 2644 577 2708 Videamus
595 2648 703 2706 cetera
719 2642 842 2707 Flachii
860 2649 1059 2731 argumenta.
1096 2645 1306 2711 Nietzscheus
1321 2647 1342 2712 l.
1358 2667 1384 2712 c.
1401 2647 1541 2728 permul-

313 2757 365 2816 tos
376 2750 464 2814 locos
478 2750 640 2830 congessit
652 2750 707 2830 qui
721 2750 807 2830 apud
817 2749 1009 2831 Hesychium
1023 2753 1161 2816 redeunt
1172 2754 1335 2834 pleniores
1348 2773 1443 2835 quam
1457 2755 1541 2834 apud

313 2859 478 2922 Leontium
506 2874 700 2939 quamquam
731 2857 929 2920 consimiles:
960 2876 1038 2938 ergo
1062 2896 1104 2905 -
1129 2861 1226 2942 idque
1255 2862 1325 2925 iure
1350 2899 1392 2908 ——
1415 2882 1479 2926 non
1502 2881 1542 2924 ex

313 2965 443 3030 Laertio
461 2966 518 3030 sed
531 2964 704 3028 Laertiano
721 2964 900 3045 biographo
916 2964 1064 3030 hausisse
1080 2969 1195 3032 statuit
1207 2968 1410 3050 Hesychium.
1444 2970 1542 3034 Velut

664 3121 768 3177 Suidas.
1142 3130 1145 3210 Ι
1289 3127 1423 3183 Laertius.

633 3231 832 3319 Μνησάρχου

315 3360 339 3406 S.
361 3361 390 3406 v.
409 3339 579 3427 Ἀρχύτας·
630 3340 649 3423 ἢ
674 3343 903 3419 Μνασαιχέτου

630 3443 649 3530 ῇ
676 3447 896 3534 Μνησαγόρου
1174 3451 1406 3536 Μνασαχόρου.

316 3573 340 3620 s,
358 3574 386 3619 v.
406 3551 624 3638 Ἡράκλειτος·
671 3551 841 3628 Βλόσωνος
864 3552 883 3640 ἢ
908 3553 1100 3642 Βάκτρωνος
1170 3557 1350 3634 Βλόσωνος.

231 3657 232 3662 ’
316 3680 340 3726 s.
358 3680 387 3726 v.
411 3659 622 3744 Ξενοκράτης·
644 3657 840 3738 Ἀγάθωνος
855 3658 1115 3747 ἢἈγαθάνορος
1164 3663 1404 3752 Ἀναθάνορος.

316 3788 340 3832 S.
359 3788 387 3833 v.
415 3769 586 3851 Πολέμων·
611 3767 832 3852 Φιλοστράτου
855 3766 875 3855 ῇ
896 3770 1115 3856 Φιλοκράτους
1172 3773 1401 3859 Φιλοστράτου.

405 3875 554 3941 Obvertit
577 3875 726 3940 llachins
750 3896 869 3958 posse
893 3879 1050 3943 Heracliti
1075 3884 1107 3943 et
1128 3881 1289 3963 Archytae
1313 3888 1441 3963 patrum
1464 3883 1540 3946 hina

316 3984 445 4048 nomina
467 4003 506 4047 ex
522 3983 760 4064 compendiaria
777 3985 943 4067 archetypi
959 3988 1102 4052 codicum
1118 3989 1363 4053 Laertianorum
1381 3992 1540 4071 scriptura

317 4091 487 4172 explicari:
521 4095 555 4154 at
583 4111 646 4155 non
676 4093 881 4173 consequitur
912 4095 997 4174 quod
1031 4096 1132 4160 voluit
1159 4097 1310 4161 Flachius
1341 4117 1379 4161 ex
1410 4098 1538 4162 Laertio

317 4198 458 4278 pendere
474 4197 684 4279 Hesychium;
709 4199 805 4263 immo
830 4219 900 4263 cum
917 4201 1021 4265 altera
1037 4185 1149 4283 pateat
1173 4205 1257 4268 ratio
1273 4203 1396 4267 Flachii
1420 4205 1538 4268 nullam

317 4304 416 4368 hahet
438 4305 501 4368 vim
525 4306 739 4372 necessitatis.
787 4306 850 4371 Gur
873 4327 936 4372 non
961 4309 1081 4373 iamin
1107 4315 1237 4375 anctore
1262 4311 1383 4374 Laertii
1408 4311 1455 4394 [et
1476 4313 1540 4376 He-

318 4409 433 4495 sychii]
471 4411 567 4474 istam
606 4413 795 4477 varietatem
837 4415 982 4480 extitisse
1020 4418 1153 4497 putem?
1215 4417 1348 4482 Constat
1387 4419 1470 4482 enim
1508 4420 1539 4483 in
