3420 5408
340 471 383 534 70

335 643 491 713 nonnulla
513 644 630 727 quibus
653 649 742 709 caet
765 644 879 709 altera.
927 643 1016 722 Quae
1045 645 1131 708 enim
1160 644 1200 710 de
1228 645 1398 711 itineribus
1420 646 1570 712 Platonis

337 761 371 819 et
405 753 553 834 sepulcro
588 752 622 816 in
657 750 720 816 line
749 750 996 833 olympiodorus
1024 749 1155 815 exhibet
1183 751 1300 816 desunt
1328 751 1361 816 in
1389 753 1568 834 Anonymo‚

335 879 395 926 nec
419 860 679 924 commemoravit
701 858 786 923 idem
810 875 893 938 quae
916 858 956 921 de
977 857 1120 940 Archyta
1141 876 1173 938 p.
1192 860 1210 920 7
1236 861 1270 922 et
1292 858 1333 923 de
1356 858 1444 924 Pane
1470 863 1499 940 1,
1525 861 1568 923 16

337 965 585 1049 olympiodorus
615 965 705 1030 dixit.
732 970 771 1010 -“
798 962 919 1029 Contra
940 965 1125 1047 Anonymus
1153 969 1300 1047 praestat
1328 964 1425 1046 longo
1457 966 1497 1030 de
1519 967 1569 1032 in-

335 1074 441 1139 ventis
464 1072 610 1137 Platonis
634 1089 769 1137 excursu
792 1089 823 1151 p.
844 1072 864 1135 8
888 1089 935 1152 sq.
981 1070 1071 1136 Idem
1095 1073 1241 1136 nominat
1263 1071 1400 1137 feminas
1421 1071 1568 1138 Platonis
1637 1109 1639 1116 ,

337 1179 592 1245 studiosissimae
615 1178 806 1244 Axiotbcam
831 1183 864 1243 et
887 1171 1103 1244 Lastheneam
1126 1199 1157 1260 p.
1176 1180 1206 1259 8,
1230 1199 1262 1261 p.
1288 1181 1307 1242 7
1331 1178 1568 1261 Hermogenem

337 1285 585 1352 Parmenidcum
608 1291 867 1367 praeceptorem,
893 1285 1034 1352 Timonis
1058 1284 1249 1367 sillograpbi
1272 1303 1384 1350 versus
1408 1305 1440 1367 p.
1459 1287 1490 1364 8,
1515 1286 1568 1350 53.

338 1394 439 1458 Porro
463 1412 495 1474 p.
518 1394 537 1456 6
563 1432 602 1441 -
627 1397 664 1457 ut
687 1393 833 1458 omittam
857 1396 967 1457 cetera
992 1429 1027 1438 -
1056 1374 1224 1457 Platonem
1248 1392 1373 1473 Aegina
1400 1392 1570 1458 oriundum

338 1501 524 1582 Anonymus
546 1499 662 1579 voluit,
688 1499 935 1582 Olympiodorus
957 1518 1022 1564 non
1045 1499 1135 1564 dixit.
1183 1499 1330 1580 Denique
1354 1499 1569 1564 certissimum

339 1613 563 1688 argumentum
585 1605 747 1688 proteram
765 1625 804 1672 ex
820 1607 1003 1688 prooemiis.
1045 1607 1136 1685 Quod
1158 1611 1196 1671 ut
1218 1625 1239 1670 a
1261 1605 1427 1672 nullodum
1443 1603 1570 1687 protra-

339 1713 489 1794 heretur,
524 1731 563 1779 eo
597 1714 717 1778 factum
751 1715 892 1795 videtur,
929 1714 1014 1798 quod
1042 1713 1200 1795 Anonymi
1227 1713 1427 1795 prooemium
1461 1709 1480 1776 ό
1509 1711 1571 1794 μὲν

340 1819 506 1905 δαιμόνιος
522 1815 743 1904 ’Λριστοτέλης
765 1821 829 1886 κτλ.
852 1821 1117 1886 Wcstermannus
1140 1820 1252 1899 edidit,
1276 1820 1385 1884 omisit
1409 1819 1571 1902 olympio·

340 1929 483 1992 doreum.
519 1926 571 1992 Sic
589 1928 673 1991 enirn
690 1928 803 2009 incipit
822 1927 874 2012 [ci.
894 1928 987 1993 Plato
1004 1927 1044 1992 cd
1060 1925 1093 1991 C.
1110 1926 1163 1992 Fr.
1181 1927 1346 1992 Hermann
1363 1927 1407 1992 Vl
1428 1945 1460 2007 p.
1477 1925 1568 2010 190]:

341 2033 359 2099 ὁ
382 2031 443 2118 μὲν
459 2029 677 2118 Ἀριστοτέλης
699 2029 879 2118 ἀρχόμενος
901 2035 956 2119 τής
978 2031 1095 2098 ἑαυτοῦ
1118 2031 1294 2112 θεολογίας
1316 2037 1429 2118 φησίν·
1453 2031 1571 2106 πάντες

340 2140 516 2227 ἀνθρωττοι
527 2140 649 2205 εἰδέναι
660 2138 828 2226 ύρέγονται
841 2139 952 2224 φύσει·
964 2151 1099 2227 σημείου
1110 2135 1178 2225 δὲή
1193 2138 1380 2221 αίσθήσεαν
1395 2136 1569 2224 ἀγάπησις·

340 2246 402 2331 ἐγώ
427 2248 463 2311 δὲ
486 2250 539 2332 τῆς
560 2252 618 2312 τοῦ
644 2245 821 2322 Πλάτωνος
844 2247 1044 2334 φιλοσοφίας
1069 2241 1248 2332 ἀρχόμενος
1277 2250 1379 2331 φαίην
1409 2245 1452 2310 ἀν
1480 2245 1571 2310 τοῦτο

341 2354 504 2439 μειζόνως,
525 2351 573 2418 ὅτι
592 2359 711 2429 πάντες
726 2356 903 2438 ἄνθρωποι
918 2357 974 2438 τής
990 2353 1164 2426 Πλάτωνος
1186 2350 1384 2435 φιλοσοφίας
1401 2347 1572 2437 ὀρέγονται

340 2461 477 2549 χρηστὸν
499 2459 575 2546 παρ’
599 2457 698 2545 αύτής
714 2457 858 2536 ἅπαντες
881 2457 1110 2546 ἀρύσασθαι
1139 2457 1381 2541 βουλόμενοι
1411 2459 1479 2522 καὶ
1506 2455 1570 2521 κά·

342 2593 452 2652 τοχοι
474 2580 558 2642 τοῖς
583 2565 723 2653 ταύτης
745 2566 920 2652 νάμασιν
944 2571 1030 2634 είναι
1053 2565 1286 2641 σπουδάζοντες
1308 2564 1366 2630 καὶ
1393 2570 1457 2631 τάν
1482 2565 1572 2629 Πλα-

343 2675 484 2743 τωνικῶν
507 2675 760 2755 ἕνθουσιασμιῖιν
777 2674 909 2762 πλήρεις
924 2671 1060 2750 ἑαυτούς
1075 2672 1329 2755 καταστήσαντες
1345 2673 1410 2738 κτλ.
1451 2673 1572 2739 Eadem

344 2787 529 2865 Anonymns
552 2783 728 2863 partimin
751 2789 857 2848 artum
881 2785 988 2865 coegit
1009 2783 1129 2865 partim
1152 2780 1199 2846 ita
1222 2779 1421 2861 obscuravit,
1449 2785 1571 2847 utnon

345 2894 448 2958 solum
477 2889 575 2955 verba
602 2889 789 2955 Aristotelis
823 2891 877 2974 [ex
906 2889 1200 2972 Metaphysicorum
1234 2886 1341 2970 initio]
1375 2887 1571 2969 immutaret,

338 3019 455 3066 yerum
486 2996 630 3079 pulcram
659 2996 748 3062 illam
776 2998 998 3080 metaphoram
1027 2991 1169 3080 ιχρηστόν
1196 2992 1276 3080 παρ’
1304 2989 1399 3076 αὐτῆς
1432 2991 1572 3068 ὅοταντες

347 3103 537 3192 ἀρύσασθαι
568 3104 764 3186 βουλόμενοι
797 3103 854 3167 καὶ
888 3103 1015 3185 κάτοχοι
1054 3113 1120 3176 τοῖς
1159 3098 1275 3185 ταύτης
1312 3099 1457 3183 νάμασιν
1490 3104 1573 3167 atvar

347 3209 595 3288 σπουδάζοντες
628 3231 666 3276 ex
693 3212 838 3278 Platonis
867 3212 996 3276 Timaeo
1025 3230 1056 3292 p.
1077 3212 1095 3272 7
1100 3209 1118 3274 5
1154 3209 1283 3274 ductam
1318 3206 1364 3271 ‘co
1399 3207 1436 3272 δὲ
1469 3209 1573 3291 λόγων

347 3318 436 3402 νᾶμα
463 3317 523 3393 ἔξω
552 3317 626 3404 ῥέον
653 3317 710 3380 καὶ
738 3315 917 3403 ὑπηρετοῦν
954 3315 1112 3402 φρονήσει
1147 3314 1315 3393 κάλλιστον
1350 3316 1406 3378 καὶ
1441 3314 1573 3402 ἄριστον

348 3422 511 3509 ναμάτων
539 3425 698 3506 integram
725 3424 815 3489 illam
850 3424 977 3506 quidem
1012 3424 1098 3505 apud
1125 3423 1388 3505 olympiodorum
1422 3424 1457 3487 in
1491 3423 1573 3488 hunc

348 3532 477 3597 modum
516 3536 736 3613 corrumperet
770 3550 800 3612 p.
835 3533 872 3610 4,
913 3532 933 3594 6
972 3529 1108 3605 *πάντας
1147 3531 1211 3615 γὰρ
1251 3528 1449 3614 ἀνθρώπους
1488 3527 1573 3592 ἐστίν

349 3639 431 3703 torro
455 3635 530 3702 ὡσεὶ
554 3635 593 3700 ἔκ
615 3657 719 3712 τινος
742 3639 862 3723 πηγής
886 3633 1118 3722 ἀρύσασθαι
1141 3637 1404 3722 βουλομένους
1424 3635 1465 3699 ἐκ
1487 3635 1572 3701 ταύ-

349 3749 422 3831 της*
439 3745 504 3810 κτλ.

440 3873 468 3918 a.
494 3851 645 3934 Quisquis
673 3845 853 3932 utriquest)
881 3854 1011 3932 praesto
1035 3848 1097 3915 fnit
1126 3848 1324 3931 biographus
1347 3848 1403 3913 illc
1427 3849 1573 3931 idemque

352 3960 603 4041 Neoplatonicus
644 3957 809 4021 Timaeum
842 3957 988 4022 Platonis
1024 3960 1058 4021 ct
1091 3956 1278 4021 Aristotelis
1319 3955 1574 4038 Metaphysicam
1689 3985 1690 3988 ¹

352 4067 500 4150 perlegit.
551 4061 804 4130 Communicavit
825 4081 949 4128 mecum
972 4059 1237 4128 Wilamowitzius
1260 4079 1351 4128 suam
1375 4061 1408 4127 in
1431 4063 1572 4146 Porphy-

352 4228 565 4240 -.-—-·

426 4314 462 4381 ⁷⁶)
482 4312 657 4367 Steinbartus
682 4310 786 4382 [beben
814 4310 927 4364 Platone
950 4326 976 4378 p.
999 4309 1044 4381 at]
1073 4326 1107 4362 ex
1133 4308 1363 4377 praelectionibus
1388 4309 1572 4380 olympiodori

354 4409 496 4471 utramque
515 4402 638 4457 haustam
658 4416 717 4454 esse
737 4400 911 4468 scriptionem
931 4399 990 4452 sine
1009 4414 1093 4452 causa
1110 4397 1259 4452 contendit.
