3432 5400
318 417 381 481 104

315 611 398 674 quoe
436 609 534 673 supra
571 591 612 656 de
650 590 755 658 Gellio
794 590 958 657 momente
994 588 1173 674 Porphyrio
1217 590 1314 672 attigi
1352 589 1537 671 complenda

314 698 474 765 videntur.

607 1027 609 1032 ,
717 980 747 1022 a.
766 965 810 1020 llo
828 963 930 1022 (lollio
948 965 980 1020 ct
998 964 1136 1020 Laertio.

405 1129 443 1193 A.
469 1128 522 1194 Ge
532 1127 629 1192 llius
645 1125 808 1210 [Noctium
824 1127 1004 1192 Atticarum
1016 1125 1092 1190 XIV
1105 1124 1138 1209 6]
1156 1126 1358 1208 omnigenam
1374 1126 1538 1192 historiam

316 1236 468 1301 Favorini
491 1241 662 1316 postquam
685 1233 841 1316 perlegit,
866 1233 1013 1297 doctriua
1036 1233 1144 1313 operis
1168 1232 1409 1314 obstupefactus
1434 1235 1539 1298 statim

316 1360 495 1425 properans
511 1341 652 1406 reddidit
667 1341 823 1422 dixitque:
843 1337 957 1403 “dvaco
973 1337 1022 1418 σύ,
1043 1337 1227 1403 doctrssc'rnc
1240 1337 1406 1413 virorum,
1433 1337 1540 1425 ταύτης

317 1447 372 1532 τῆς
391 1447 607 1529 πολυμαθίας
621 1452 654 1512 ct
665 1445 791 1512 librum
806 1447 897 1514 lcum
911 1442 1201 1532 opukrctissc'mrcm
1218 1444 1323 1532 recipe
1338 1447 1393 1511 nr'l
1399 1455 1539 1532 prorsus

317 1553 364 1620 od
383 1559 515 1618 nostros
531 1551 755 1640 paupertrrros
776 1551 906 1617 litteras
925 1557 1171 1637 congruentem.
1202 1551 1295 1616 Nom
1310 1575 1401 1618 orcae
1415 1555 1537 1628 Noctes,

317 1681 403 1745 quos
426 1657 629 1723 instructum
656 1664 878 1746 ornatumque
908 1657 983 1732 r'str',
1013 1659 1052 1724 dc
1081 1680 1149 1724 uno
1173 1656 1328 1724 ‘moxc‘rrce
1356 1658 1416 1726 c'llo
1445 1682 1540 1726 versu

319 1763 467 1830 Homcrr‘
490 1769 672 1850 qrcoerrcrct,
709 1785 806 1850 quem
833 1763 983 1833 Socrates
1003 1771 1090 1850 prae
1117 1763 1270 1830 omnc‘brcs
1296 1773 1424 1852 semper
1452 1768 1541 1832 rcbrcs

317 1869 635 1938 sr'bc'cordc'dr‘cebot:
645 1869 714 1936 ὄττι
728 1893 779 1937 τοι
791 1870 826 1936 ἐν
838 1869 1006 1957 μεγάροισι
1016 1869 1118 1935 κακόν
1132 1871 1161 1934 τ’
1171 1867 1307 1951 ἀγαθόν
1321 1895 1356 1938 τε
1367 1875 1539 1939 τέτυκται.”

321 1980 449 2062 ‘Liquet
471 1979 598 2061 igitm’,
628 1980 734 2059 aium,
765 1978 864 2043 ‘nulla
887 1978 952 2043 alia
980 1997 1018 2042 ex
1042 1978 1212 2059 omnigena
1234 1978 1372 2044 historia
1396 1986 1543 2064 excerpta

319 2087 353 2152 iu
384 2085 539 2151 Noctibus
567 2087 685 2152 Atticis
714 2086 820 2150 inesse
854 2085 917 2149 nisi
951 2103 1034 2167 quae
1069 2086 1175 2166 capite
1210 2085 1266 2149 illo
1305 2088 1544 2170 comprehendit

320 2193 454 2260 Gellius.
495 2193 615 2272 Quodsi
638 2211 865 2276 nonnunquam
889 2191 930 2256 ad
951 2191 1104 2256 Favorini
1126 2191 1199 2274 ipsa
1220 2190 1320 2258 verba
1342 2199 1542 2275 provocatur,

320 2300 400 2366 haec
431 2305 488 2364 aut
516 2319 555 2364 ex
583 2318 730 2365 sermone
759 2303 887 2381 sumpta
917 2303 992 2364 suut
1020 2304 1077 2363 aut
1105 2316 1145 2364 ex
1173 2298 1237 2362 alio
1260 2299 1330 2363 eius
1353 2299 1437 2365 libro
1461 2300 1545 2366 velut

320 2408 424 2489 tropis
451 2405 646 2490 Pyrrhoneis
677 2411 711 2472 et
738 2406 1096 2488 apomuemoueumatis’
1130 2405 1182 2490 [cf.
1207 2406 1238 2470 X
1264 2409 1320 2488 12,
1352 2409 1474 2472 9-10
1498 2407 1544 2472 ‘de

322 2513 469 2579 columba
502 2512 698 2598 Archytae}
752 2513 904 2596 Speciosa
938 2511 1032 2593 haec,
1068 2519 1104 2578 at
1138 2532 1177 2578 ex
1210 2512 1293 2577 falsa
1321 2515 1361 2578 de
1390 2513 1489 2580 Gellii
1514 2515 1545 2577 in

323 2620 492 2686 scribendo
525 2620 651 2684 ratione
685 2624 876 2703 propagata.
935 2619 1146 2685 Increbuerat
1179 2619 1277 2686 Gellii
1316 2625 1424 2686 aetate
1464 2621 1546 2704 apud

324 2727 499 2808 scriptores
538 2731 571 2791 et
610 2745 743 2808 graecos
784 2732 818 2794 et
855 2727 974 2792 latinos
1013 2727 1193 2793 doctrinam
1237 2731 1271 2792 ct
1309 2728 1546 2810 simplicitatem

324 2834 519 2900 ementiendi
557 2835 763 2900 cousuetudo.
827 2833 923 2900 Ouios
961 2834 1097 2900 rationis
1135 2835 1299 2918 imperitia
1337 2835 1400 2900 dici
1434 2827 1548 2918 'nequit

325 2944 479 3022 quantum
513 2942 672 3007 universis
710 2941 913 3024 antiquitatis
952 2942 1069 3007 studiis
1103 2943 1257 3007 nocuerit.
1316 2943 1421 3007 Hodie
1457 2961 1547 3008 nemo

326 3066 422 3113 sanus
446 3048 588 3130 dubitat,
618 3067 657 3114 ex
681 3069 743 3132 quo
768 3067 839 3114 cum
862 3049 902 3113 de
926 3048 999 3114 aliis
1021 3054 1090 3113 tum
1114 3049 1153 3113 de
1177 3049 1248 3130 ipso
1273 3050 1378 3115 Gellio
1402 3051 1451 3114 rei
1475 3049 1548 3133 quid

326 3155 370 3220 sit
392 3154 589 3236 patefactum
613 3162 672 3224 est.
720 3157 832 3239 Neque
860 3156 960 3236 igitur
989 3174 1051 3237 quo
1083 3157 1158 3221 novi
1187 3156 1264 3238 quid
1287 3155 1465 3238 proferam,
1495 3157 1549 3222 sed

326 3267 363 3326 ut
391 3260 479 3327 illam
508 3263 548 3327 de
577 3264 747 3345 omnigena
774 3263 911 3328 historia
943 3261 1040 3327 Gellii
1068 3262 1271 3327 historiolam
1300 3264 1341 3328 ad
1372 3263 1549 3346 exemplum

326 3386 459 3451 prorsus
504 3387 678 3452 congruum
720 3371 841 3452 possim
885 3369 1030 3450 exigere,
1077 3369 1218 3452 lepidam
1257 3370 1418 3452 quandam
1457 3369 1550 3436 Gellii

289 3503 291 3506 ·
327 3473 471 3538 naudem
494 3471 707 3559 narrabo¹¹¹).

418 3578 497 3645 Cum
520 3581 691 3647 eGraccio
706 3581 912 3648 Brundisium
935 3597 1084 3647 reversus
1108 3581 1232 3648 Gellius
1251 3584 1289 3648 ¹iu
1311 3590 1410 3665 portu
1433 3585 1551 3667 spatia

328 3693 428 3769 retur,
452 3686 555 3754 fasces
570 3689 726 3755 librorum
741 3690 901 3756 venalium
917 3689 998 3756 vidit
1021 3689 1185 3775 expositas
1201 3690 1357 3772 avideque
1380 3695 1418 3755 ut
1434 3697 1553 3756 emeret

329 3795 473 3860 accessit.
513 3795 616 3861 Erant
638 3797 695 3862 isti
717 3797 792 3863 libri
809 3817 918 3862 omnes
942 3797 1050 3880 graeci
1064 3798 1292 3863 miraculorum
1311 3797 1553 3880 fabularumque

329 3904 434 3986 pleni,
469 3921 522 3968 res
556 3903 720 3969 inauditae
749 3903 946 3984 incredulae,
984 3905 1158 3986 scriptores
1187 3909 1313 3994 veteres
1341 3923 1405 3969 uon
1436 3924 1553 3988 parvae

330 4009 534 4076 auctoritatis
550 4010 696 4076 Aristeas
712 4010 945 4077 Proconnesius
967 4017 1000 4076 et
1015 4011 1164 4094 Isigonus
1178 4011 1365 4078 Nicaeensis
1380 4017 1415 4078 et
1431 4011 1553 4079 Ctesias

331 4161 543 4172 ——-

403 4257 453 4326 ιιι)
472 4255 512 4310 of.
530 4256 736 4330 merzscumeri
759 4257 822 4313 coss.
849 4257 952 4328 crypt.
975 4258 1017 4314 oe
1040 4258 1104 4314 luri
1129 4257 1210 4314 cerro
1238 4222 1360 4313 sonticus
1383 4259 1413 4313 r.
1451 4261 1551 4316 rosna-

331 4347 393 4402 niae
414 4349 482 4401 1860
500 4363 526 4416 p.
548 4349 579 4402 13
599 4363 657 4416 sqq.
