3420 5408
1336 487 1379 550 45

152 646 297 748 excerpti
325 664 420 730 sunt’.
467 665 551 730 Hinc
578 663 693 729 breves
719 660 793 728 illas
821 662 861 727 de
892 662 988 728 rebus
1015 663 1217 746 testibusque
1252 664 1380 730 notulas

152 772 291 854 arripuit
330 771 490 837 Laertius.
552 770 620 836 Nec
667 770 783 836 desunt
829 788 983 852 expressa
1027 770 1177 853 vestigia3
1227 772 1381 838 nonnulla

151 878 331 962 proferam:
418 945 422 951 ,

196 987 274 1054 VIII
306 989 341 1067 4,
378 987 419 1052 82
460 984 648 1071 [Archytae]
683 983 810 1067 πρῶτος
842 978 940 1060 αὗτδς
970 979 1060 1060 οὗτος
1092 984 1145 1070 [de
1180 1005 1242 1068 quo
1275 987 1382 1069 agitur

150 1093 392 1178 philosophus]·
415 1091 560 1179 δεύτερος
577 1091 799 1177 Μυτιληναῖος
821 1091 971 1177 μουσικός
1071 1091 1145 1178 περὶ
1167 1092 1202 1157 δε
1225 1094 1282 1160 τοῦ
1304 1117 1382 1179 μου·

151 1200 241 1267 σικοῦ
265 1205 396 1288 φέρεται
424 1205 479 1264 καί
501 1197 588 1278 τόδε,
617 1199 660 1275 ὡς
688 1195 924 1282 ὀνειδιζόμενος
949 1197 1004 1262 lut
1032 1197 1075 1284 μη
1098 1201 1143 1286 τῷ
1166 1199 1382 1279 ἐξακούεσθαι

151 1311 252 1373 εἴποι·
276 1309 312 1372 τδ
336 1305 399 1395 γὰρ
423 1309 567 1393 ὄργανον
589 1305 670 1392 ὑπὲρ
698 1306 776 1391 ἐμοῦ
804 1302 1076 1390 διαγωνιζόμενον
1103 1305 1204 1374 λαλεῖ.
1262 1309 1382 1386 Quodsi

152 1416 239 1482 dicta
261 1415 375 1481 musici
397 1419 509 1480 auctor
532 1419 726 1497 exposuerat
748 1413 950 1494 Laertianus
971 1413 1048 1495 quio
1070 1431 1124 1478 res
1146 1433 1274 1501 quoque
1296 1415 1382 1480 idem

152 1523 334 1588 narraverit
356 1522 409 1587 vix
437 1522 625 1588 dubitabile.
676 1522 714 1586 In
737 1520 870 1586 Eudoxo
899 1521 1022 1586 medico
1047 1519 1160 1586 cnidio
1188 1540 1240 1587 res
1270 1522 1382 1588 eadem

151 1629 229 1695 VHI
253 1631 295 1695 90
319 1627 371 1713 [cf.
396 1648 427 1710 p.
445 1629 512 1712 43].
558 1627 604 1694 cf.
621 1627 668 1693 IX
691 1628 733 1693 56
756 1631 874 1706 Γέγονε
895 1627 931 1691 δὲ
953 1633 1009 1691 καὶ
1030 1626 1129 1705 ἄλλος
1151 1630 1382 1716 Πρωταγόρας,

153 1845 252 1909 etiam
267 1845 406 1910 ultanum
422 1844 613 1926 corpuscula
627 1844 829 1909 inventorum
844 1842 1062 1925 librorumque
1079 1848 1112 1908 et
1132 1862 1383 1928 quorumcunque
1486 1901 1494 1926 ,

154 1971 235 2034 opus
264 1957 336 2017 erat
365 1952 528 2016 mentIone
555 1953 715 2017 instructa
736 1951 825 2017 velut
847 1949 880 2014 II
904 1950 946 2014 58
970 1954 1120 2036 τέταρτος
1143 1950 1254 2036 [Bion]
1277 1959 1382 2039 Δημο-

153 2062 285 2144 κρίτειος
318 2057 374 2122 καί
398 2058 629 2144 μαθηματικός
649 2054 838 2144 Ἀβδηρίτης
853 2052 984 2121 {acala
1010 2054 1178 2144 γεγραφὼς
1206 2066 1262 2123 καί
1278 2059 1382 2124 Ἰάδι·

153 2159 244 2240 οὗτος
264 2165 388 2252 πρῶτος
409 2169 500 2232 ainau
522 2169 607 2231 είναί
628 2188 719 2241 τινας
740 2161 884 2249 οἰκήσεις,
909 2159 997 2230 ἔνθα
1016 2167 1192 2244 γίγνεσθαι
1214 2169 1250 2244 ἓξ
1271 2172 1384 2252 ριηνοίν

153 2269 211 2356 τὴν
233 2270 334 2340 νύκτα
357 2279 413 2338 καὶ
435 2277 471 2352 ἓξ
489 2275 548 2360 την
570 2269 702 2360 ἡμέραν.
742 2273 806 2337 Res
829 2272 939 2354 tetigit
961 2270 1118 2336 Demetrii
1142 2271 1264 2353 Scepsii
1287 2273 1316 2338 V
1340 2275 1383 2338 84

154 2376 326 2457 ἑνδέκατος
348 2381 492 2469 Σκήψιος
513 2377 667 2455 πλούσιος
696 2383 751 2443 καί
778 2374 904 2463 εὐγενὴς
931 2379 1111 2465 ἄνθρωπος
1132 2379 1187 2442 καί
1210 2375 1383 2465 φιλόλογος

155 2487 274 2574 ἄκρως·
305 2482 399 2563 οὗτος
426 2487 481 2552 καί
511 2485 734 2575 Μητρόδωρον
767 2490 959 2574 προεβίβασε
985 2485 1045 2553 τδν
1073 2486 1218 2572 πολίτην.
1270 2487 1382 2570 Neque

155 2612 280 2661 amores
304 2596 472 2662 Aeschinis
500 2596 632 2662 reticuit
659 2594 867 2676 Neapolitani
889 2593 922 2658 II
946 2594 988 2657 64
1016 2595 1106 2668 ἕκτος
1128 2643 1157 2659 ..
1184 2593 1382 2659 Μελανθίου

152 2699 303 2788 μαθητὴς
329 2707 385 2767 καὶ
411 2701 549 2767 παιδικά
582 2721 642 2769 nec
674 2719 812 2784 poenam
843 2700 1014 2784 Chrysippi
1048 2700 1164 2765 medici
1194 2699 1269 2784 [VH
1293 2701 1380 2786 186].

153 2811 311 2876 Demetrii
323 2810 444 2876 Ixionis
460 2829 635 2893 cognomen
653 2829 692 2876 ex
706 2810 824 2876 iniuria
840 2809 979 2892 quadam
995 2808 1028 2872 in
1043 2807 1197 2873 Iunonem
1214 2809 1383 2874 commissa

154 2917 327 3000 explicavit
356 2918 529 3000 attulitque
559 2922 592 2983 et
615 2922 861 3000 praeceptorum
883 2915 1013 2981 uomiua
1036 2913 1078 2997 [V
1103 2915 1155 2979 61.
1181 2914 1238 2999 84]
1262 2920 1295 2980 et
1319 2916 1383 2982 dis-

155 3025 332 3106 cipulorum
367 3025 442 3109 [VII
465 3024 522 3108 35]
557 3030 590 3090 et
624 3030 794 3107 parentum
830 3022 874 3107 [X
897 3022 953 3106 26]
986 3026 1019 3087 et
1052 3019 1189 3086 fratrum
1224 3022 1381 3107 [11103].

154 3132 327 3198 Poetarum
361 3133 514 3198 victorias
553 3137 702 3198 accurate
740 3132 830 3198 novit
868 3150 907 3196 ex
944 3129 1159 3211 locupletibus
1198 3131 1383 3196 auctoribus

153 3239 245 3323 [VIII
268 3238 325 3323 90]
360 3244 394 3304 ct
426 3238 585 3305 artificum
618 3257 809 3322 progressus
845 3237 977 3322 [11103
1007 3237 1085 3303 VIII
1107 3238 1150 3302 46
1186 3238 1248 3322 sq]
1301 3238 1384 3317 Quid

153 3346 270 3428 plura?
315 3346 428 3412 Nonne
456 3366 665 3429 quaecunque
693 3365 764 3412 cum
791 3347 859 3411 vita
887 3345 1049 3427 rebusque
1072 3345 1173 3426 gestis
1197 3350 1231 3410 et
1254 3346 1383 3428 scriptis

154 3451 328 3519 cohaerent
351 3459 545 3536 exposuerat
567 3453 708 3518 indicum
731 3457 843 3519 auctor
866 3453 1080 3519 Laertianns?

244 3579 270 3626 c.
297 3561 409 3640 ‘Quam
431 3561 555 3644 largam
579 3561 887 3628 testimonimum
911 3560 1036 3642 copiam
1059 3559 1245 3641 adsciverit,
1274 3578 1314 3624 ex
1336 3559 1384 3625 di·

153 3665 298 3735 lacerata
314 3668 533 3750 catalogorum
548 3669 703 3734 memoria
725 3667 802 3734 licet
826 3668 991 3735 conicere‘.
1030 3669 1068 3733 In
1092 3668 1207 3751 quibus
1228 3667 1382 3740 cItantur:

244 3776 460 3859 Apollodorus
483 3776 516 3841 in
541 3775 699 3842 chronicis
980 3774 1025 3840 VI
1051 3777 1124 3840 101.
1148 3775 1225 3840 VIII
1249 3776 1300 3839 90.

243 3884 425 3967 Antigonus
990 3881 1023 3946 II
1070 3881 1121 3947 15.
1177 3880 1224 3945 IX
1248 3883 1300 3945 59.

244 3992 438 4058 Aristoteles
990 3987 1122 4053 11104.
1195 3987 1300 4051 V6l.

244 4099 455 4164 Aristoxenus
472 4096 575 4184 [ἐντῷ
589 4095 764 4170 Πλάτωνος
779 4099 839 4182 βίῳ
855 4095 884 4161 V
900 4093 957 4178 35]
977 4093 1023 4159 IV
1070 4094 1121 4158 15.
1195 4093 1301 4158 V35.

246 4204 461 4271 Callimachus
485 4204 585 4286 epigr.
979 4201 1026 4266 IX
1073 4203 1125 4265 17.

245 4313 343 4378 Duris
1008 4307 1025 4372 I
1071 4308 1124 4371 38.

245 4420 465 4486 Erasistratus
964 4413 1026 4480 VH
1051 4414 1124 4478 186.
