3432 5400
1351 475 1412 540 151

191 629 277 698 male
300 629 431 698 sedulus
455 628 703 710 contaminator,
733 625 884 696 Favorini
907 629 1100 698 sententiam
1116 631 1149 698 in
1172 632 1242 700 loco
1266 635 1334 702 veri
1357 655 1414 703 no-

191 739 298 819 minis,
323 737 409 822 quod
430 735 610 820 Hesychius
634 736 783 820 servavit,
809 737 995 806 conlocavit

284 845 545 912 consummatum
573 848 632 911 est.
668 862 733 912 non
760 844 888 912 videtur
916 863 987 914 esse
1015 845 1105 914 locus
1133 849 1219 930 apud
1246 849 1347 915 ullum
1375 869 1414 916 ex

196 955 241 1020 eis
273 953 501 1036 scriptoribus,
530 969 610 1036 quos
633 952 787 1036 Diogenis
818 954 962 1021 adseclas
997 959 1033 1022 tu
1066 973 1138 1022 esse
1173 956 1412 1040 demonstrasti,

194 1062 249 1144 qui
285 1065 374 1128 certa
408 1060 534 1127 ratione
569 1061 610 1128 ad
637 1061 831 1128 Favorinum
862 1061 1036 1130 referatur:
1066 1064 1166 1129 ullum
1194 1083 1264 1131 esse
1292 1067 1347 1149 qui
1375 1086 1414 1132 ex

194 1169 370 1252 omnigena
393 1167 530 1235 historia
552 1170 723 1252 proveniat
744 1170 926 1254 praefracte
946 1188 1039 1254 nego.
1080 1176 1192 1238 contra
1215 1173 1248 1237 in
1269 1173 1412 1255 Diogene

193 1295 255 1342 non
272 1294 406 1342 acumen
421 1274 549 1360 quidem
564 1281 622 1343 aut
643 1276 795 1344 iudicium
818 1279 876 1344 sed
892 1278 1032 1361 aliquam
1056 1279 1172 1346 saltem
1189 1286 1222 1345 et
1243 1280 1413 1347 lectionem

193 1387 226 1450 et
255 1383 461 1450 sedulitatem
488 1384 681 1466 invenimus,
710 1403 813 1468 neque
845 1385 946 1452 ullum
979 1391 1036 1453 aut
1065 1387 1329 1454 dissimulationis
1358 1393 1415 1455 aut

191 1490 349 1558 mendacii
374 1490 555 1573 vestigium.

280 1599 395 1666 Actum
418 1605 478 1679 est,
502 1617 542 1664 ex
563 1617 636 1665 mea
658 1598 787 1682 quidem
810 1599 981 1682 sententia,
1005 1601 1045 1666 de
1066 1600 1225 1669 Favorino
1248 1607 1314 1668 tuo.
1354 1623 1413 1671 nec

191 1713 299 1774 tamm
322 1707 457 1774 multum
480 1707 532 1774 vel
554 1706 614 1773 tibi
629 1707 803 1791 lugendum
818 1713 876 1774 est.
916 1726 1031 1774 nornen
1048 1710 1191 1790 evanuit,
1215 1729 1324 1777 rerum
1345 1718 1413 1778 ate

191 1815 224 1881 in
248 1816 384 1882 clariore
407 1815 477 1881 luce
494 1815 730 1882 conlocatarum
746 1816 888 1899 gravitas
907 1817 1037 1883 minime
1054 1816 1249 1900 infringitur.
1290 1837 1363 1884 nam
1379 1820 1413 1886 id

192 1929 284 1990 extra
307 1922 541 1990 dubitationem
565 1927 624 2004 est,
648 1921 747 1989 fuisse
770 1923 854 1990 vitas
877 1922 1056 2009 Platonis²)
1084 1925 1270 1990 Aristotehs
1293 1926 1413 2008 Pytha-

192 2050 299 2114 gorae,
324 2049 341 2096 e
365 2030 480 2114 quibus
502 2031 567 2096 iam
583 2030 717 2097 alterius
740 2032 860 2098 saeculi
883 2033 1046 2115 vergentis
1063 2033 1237 2114 scriptores
1261 2051 1319 2098 sua
1333 2033 1412 2100 hau·

190 2140 293 2206 rirent
314 2144 441 2206 tantum
464 2158 528 2205 non
552 2138 667 2221 omnia,
695 2140 743 2205 ita
766 2143 803 2205 ut
824 2138 917 2206 nobis
940 2139 974 2206 iu
997 2139 1207 2207 instauranda
1229 2141 1412 2207 litterarum

190 2247 327 2315 historia
356 2247 495 2330 primum
524 2247 699 2312 communis
729 2246 784 2312 ille
813 2252 925 2312 auctor
954 2265 1081 2330 semper
1112 2248 1155 2314 sit
1183 2249 1410 2317 restituendus.

192 2356 334 2422 codicum
351 2354 561 2422 multifariam
585 2359 618 2420 et
633 2359 858 2440 corruptorum
878 2359 911 2420 et
934 2355 1201 2439 interpolatorum
1219 2357 1411 2440 archetypus

191 2463 350 2529 indicatus
385 2457 460 2529 est'
484 2463 611 2528 videtur
646 2466 754 2528 autem
777 2481 817 2527 ex
838 2462 999 2546 Hesychio
1034 2464 1106 2546 plus
1137 2464 1235 2548 sequi.
1284 2464 1412 2548 decepti

189 2571 267 2636 mihi
295 2569 446 2637 videmini
475 2576 508 2637 et
530 2570 740 2636 Nietzsoheus
769 2575 803 2636 et
832 2571 929 2636 tuin
956 2571 1097 2653 nomine,
1128 2589 1232 2654 neque
1255 2572 1289 2638 id
1311 2573 1407 2638 laudo

190 2678 275 2762 quod
289 2679 442 2760 Diogenis
465 2679 567 2761 ipsius
591 2696 721 2762 operam
744 2695 847 2762 paene
870 2678 963 2744 nihili
985 2677 1102 2746 facitis.
1141 2684 1249 2745 tamen
1274 2680 1409 2745 conlatis

189 2787 274 2853 iuter
298 2804 333 2852 se
355 2785 515 2870 Hesychio
544 2791 577 2852 et
600 2786 744 2870 Diogene
773 2785 807 2852 id
829 2786 882 2852 rix
903 2791 1013 2869 potest
1038 2787 1165 2870 negari,
1189 2786 1410 2870 Hesychianas

189 2894 273 2960 vitas
296 2898 421 2960 tantum
449 2913 513 2960 non
542 2895 688 2977 integras
716 2893 794 2977 (alia
816 2911 869 2960 res
892 2895 925 2960 in
951 2894 1106 2961 librorum
1129 2894 1310 2980 iudicibus),
1334 2895 1410 2961 Dio-

191 3003 281 3085 genis
304 3020 368 3069 non
390 3002 535 3085 integras
550 3001 679 3085 quidem
703 3001 759 3068 sed
776 3019 931 3068 summam
952 3008 1061 3069 tamen
1078 3019 1188 3066 aarum
1204 3001 1245 3065 ad
1260 3019 1409 3083 magnum

188 3112 328 3176 vitarum
356 3129 471 3193 corpus
502 3111 623 3192 redire,
652 3107 751 3175 fuisse
779 3128 856 3192 ergo
884 3110 1023 3193 aliquem
1047 3108 1202 3191 Diogenis
1234 3113 1408 3191 auctorem,
1509 3101 1514 3109 ’

190 3218 317 3301 qualem
351 3237 407 3285 vos
443 3219 548 3285 animo
571 3215 811 3284 informavistis.
858 3217 935 3299 quid
964 3216 1049 3300 quod
1073 3235 1090 3282 e
1114 3215 1258 3299 quamvis
1282 3216 1408 3282 conciso

189 3327 348 3412 Hesychio
372 3328 544 3394 nonnullae
567 3327 654 3394 vitae
677 3324 753 3392 addi
775 3330 911 3408 possunt
939 3325 1076 3390 omissae
1100 3343 1119 3390 a
1142 3324 1297 3407 Diogene,
1322 3325 1409 3391 velut

188 3436 343 3504 Prodicus
369 3435 537 3503 Anniceris
558 3434 726 3517 Philippus
749 3432 908 3517 Opuntius
930 3432 1062 3499 Philisci
1087 3432 1190 3498 altera
1212 3434 1289 3515 vita,
1314 3433 1408 3500 credo

189 3545 287 3611 etiam
309 3544 494 3610 Aristotelis
524 3542 673 3626 discipuli
699 3540 911 3608 Nicomachus
933 3540 1074 3606 Phanias
1097 3541 1314 3606 Dicaearchus
1337 3541 1408 3606 Ari-
1497 3527 1499 3531 ’

259 3813 282 3884 2)
302 3811 331 3868 Si
350 3811 444 3868 eadem
457 3825 553 3865 norma
569 3824 676 3879 semper
694 3823 759 3864 usus
772 3822 854 3879 esses,
872 3807 946 3863 inter
963 3806 1153 3878 compilatores
1166 3805 1296 3862 Favorini
1314 3821 1406 3862 neces·

189 3902 261 3959 sario
279 3901 421 3957 retulisses
440 3899 522 3956 etiam
539 3897 690 3955 Aristidem
708 3897 741 3954 de
759 3897 883 3953 Platonis
901 3897 1054 3953 itineribus.
1084 3912 1147 3952 nam
1165 3895 1338 3951 manifestum
1356 3902 1407 3966 est,

189 3992 262 4061 quod
281 4008 296 4048 e
315 3991 474 4048 Steinharto
497 3988 611 4060 apponis
634 4004 661 4058 p.
680 3988 723 4056 ὃὸ,
746 3985 897 4042 Aristidem
914 4002 993 4042 usum
1017 4001 1076 4041 esse
1098 3985 1191 4040 eadem
1208 3983 1331 4039 Platonis
1350 3985 1408 4041 rita

189 4097 257 4152 quaa
283 4080 357 4152 apud
374 4079 524 4149 Diogenem
548 4075 693 4146 compilata
717 4080 771 4147 est,
798 4074 905 4130 scilicet
928 4075 1012 4130 vitam
1034 4074 1157 4130 Platonis
1181 4073 1304 4142 exemplo
1327 4090 1406 4143 prae-

187 4170 296 4226 missam
307 4170 421 4240 legerat.
451 4168 525 4224 idem
537 4166 657 4223 arbitror
674 4165 772 4222 iecisse
785 4165 964 4220 Plutarchum
981 4164 1010 4220 in
1022 4164 1120 4233 Dione,
1139 4162 1187 4232 qui
1207 4169 1234 4218 et
1252 4163 1325 4217 vitae
1344 4163 1405 4218 Pla·

187 4261 260 4315 tonis
278 4265 307 4315 et
325 4258 409 4330 (quod
427 4273 526 4328 negare
546 4271 674 4313 vesanum
694 4263 747 4329 est)
769 4255 893 4326 epistulis
908 4253 1057 4310 Platonicis
1076 4253 1143 4323 ipsis
1161 4252 1297 4322 permulta
1315 4252 1404 4308 debet.

188 4381 222 4390 -
241 4353 362 4404 ceterum
380 4347 502 4404 eiusdem
519 4345 628 4418 generis
646 4351 728 4415 atque
746 4344 777 4402 hi
795 4360 888 4401 omnes
904 4343 1093 4413 compendium
1110 4343 1193 4399 etiam
1206 4341 1336 4398 Tatianus
1354 4343 1404 4398 ha·

90 4467 92 4472 ·
186 4438 248 4496 buit
265 4444 333 4496 orat.
351 4437 386 4494 ad
404 4437 496 4508 gentil.
517 4439 533 4492 2
551 4451 609 4506 sqq.
