3432 5400
478 1499 537 1597 V.
567 1550 592 1596 a.
618 1497 785 1596 W.·M.
820 1495 1122 1596 ERNESTO
1157 1495 1446 1596 MAASSIO

946 1693 977 1762 s

351 1930 471 2014 Sentio
495 1945 701 2012 audaciorem
724 1963 775 2011 me
798 1943 908 2027 luisse,
932 1945 1034 2012 amice
1051 1945 1183 2028 Maassi,
1208 1964 1280 2011 eum
1297 1950 1403 2012 tecum
1423 1948 1573 2014 constitui

350 2061 388 2122 ut
410 2072 627 2137 quaecumque
649 2054 755 2119 minus
778 2053 891 2120 dextre
913 2054 991 2119 mihi
1012 2054 1168 2121 videreris
1183 2054 1427 2120 administrasse
1441 2074 1502 2138 per
1523 2054 1574 2120 lit

349 2167 438 2228 teras
452 2161 610 2227 Favorino
626 2165 682 2226 tuo
699 2159 903 2227 subiciendas
917 2161 1049 2228 uberius
1066 2165 1163 2244 atque
1178 2161 1348 2228 rotundius
1364 2162 1574 2229 edissererem

350 2287 445 2350 quam
469 2268 731 2334 adnotationibus
755 2267 891 2350 carptim
915 2266 999 2333 infra
1021 2268 1199 2350 marginem
1220 2268 1339 2334 additis
1358 2267 1430 2334 fieri
1453 2273 1571 2351 posset.

352 2376 386 2441 in
410 2376 479 2441 dies
502 2376 588 2440 enim
603 2376 707 2457 magis
731 2375 772 2440 ab
794 2393 832 2440 ea
856 2375 1017 2441 sententia
1040 2373 1156 2441 deflexi
1172 2394 1268 2457 qnam
1282 2375 1362 2441 mihi
1384 2377 1449 2440 iam
1473 2394 1572 2459 paene

349 2501 568 2565 persuasores.
619 2481 854 2548 cavillabuntur
877 2482 1005 2565 quidem
1028 2481 1178 2548 malevoli
1200 2482 1363 2566 invidique
1387 2483 1475 2549 intra
1498 2502 1572 2548 eun·

350 2591 422 2656 dem
450 2589 567 2654 librum
591 2589 811 2656 diversissima
841 2587 1015 2656 adfirmari.
1067 2608 1260 2673 quamquam
1291 2589 1373 2655 istos
1400 2609 1465 2656 non
1489 2608 1571 2670 curo,

350 2698 405 2781 qui
426 2716 468 2763 ne
491 2697 525 2762 id
540 2697 669 2780 quidem
684 2698 909 2780 pertimescam
931 2715 972 2762 ne
996 2702 1032 2764 tu
1056 2715 1152 2780 aegre
1175 2698 1301 2763 laturus
1325 2698 1370 2763 sis
1393 2697 1480 2779 quod
1500 2716 1519 2761 a
1540 2701 1572 2761 te

349 2803 515 2885 dissentio,
541 2809 654 2870 contra
676 2809 710 2870 te
726 2824 844 2888 pugno,
870 2805 1034 2872 erroribus
1057 2805 1123 2871 tuis
1147 2823 1243 2887 quam
1266 2823 1398 2887 possum
1420 2805 1572 2869 acerrime

349 2911 444 2977 insto.
493 2911 548 2994 qui
570 2930 674 2994 neque
697 2912 866 2978 Platonem
888 2911 1009 2978 habent
1032 2912 1168 2977 amicum
1182 2929 1287 2993 neque
1302 2911 1474 2976 veritatem
1498 2910 1572 2975 ami-

349 3018 468 3084 ciorem
491 3018 613 3085 κολοιοὶ
633 3019 709 3084 ποτὶ
731 3019 875 3095 κολοιοὺς
892 3019 1061 3087 considant
1075 3019 1195 3085 mutuis
1210 3017 1360 3084 laudibus
1377 3037 1573 3084 communem

350 3121 518 3193 οὐδένειαν
542 3131 740 3193 excusantes.
787 3145 847 3194 nos
875 3127 1011 3195 invicem
1041 3145 1191 3194 censores
1223 3125 1322 3192 simus
1351 3126 1445 3208 aequi
1473 3131 1507 3192 et
1528 3125 1572 3190 in=

352 3235 505 3316 corrupti,
529 3235 563 3300 in
586 3233 807 3317 vituperandis
824 3234 918 3299 amici
942 3234 1105 3300 erroribus
1122 3251 1223 3314 acres,
1247 3232 1338 3315 parci
1354 3233 1387 3298 in
1402 3232 1570 3299 laudando.

349 3341 453 3406 itate
476 3339 635 3407 facturum
659 3340 758 3408 fuisse
783 3339 917 3422 confido,
941 3339 989 3407 ite
1011 3341 1081 3424 ipse
1105 3340 1177 3422 feci,
1200 3359 1304 3424 neque
1327 3340 1435 3406 hercle
1452 3340 1513 3408 hac
1535 3341 1573 3406 de

349 3466 447 3513 causa
473 3448 609 3514 haesito.
657 3468 768 3515 verum
799 3448 884 3521 enim
912 3467 987 3514 vero
1016 3450 1179 3515 sententia
1207 3465 1247 3513 ea
1274 3466 1370 3530 quam
1395 3466 1455 3530 ego
1479 3454 1573 3515 teneo

349 3554 476 3638 flagitat
508 3562 545 3621 ut
566 3556 720 3638 Diogenis
750 3557 783 3622 in
811 3556 1002 3640 compilando
1030 3558 1130 3637 ratio,
1160 3557 1193 3621 in
1217 3555 1421 3621 conectendis
1445 3537 1573 3638 excerp-

348 3663 392 3729 tis
416 3682 484 3745 ars,
517 3663 550 3728 in
574 3663 708 3730 dicendo
732 3663 929 3730 consuetudo
956 3662 1203 3746 diligentissime
1226 3666 1458 3745 pertractetur,
1489 3663 1573 3728 unde

340 3771 480 3854 ‚endem
510 3771 552 3836 ad
579 3772 779 3855 quaerendos
814 3771 923 3854 potius
953 3787 1049 3853 quam
1077 3770 1285 3836 inveniendos
1320 3769 1427 3837 fontes
1462 3771 1573 3836 adsur-

349 3883 454 3960 gatur.
502 3879 588 3961 quod
618 3898 721 3962 neque
750 3879 900 3961 praestiti
928 3896 1032 3961 neque
1060 3883 1229 3961 praestare
1257 3877 1364 3961 potui,
1401 3895 1472 3943 eum
1501 3877 1573 3942 aliis

348 3984 459 4051 multis
483 3985 523 4051 de
546 3987 651 4052 causis
675 3987 751 4071 (sois
772 3987 857 4054 enim
880 4005 976 4071 quam
992 3985 1128 4053 diversis
1144 3986 1284 4068 negotiis
1300 3985 1482 4066 distineor),
1506 3990 1572 4050 tum

349 4091 426 4174 quia
449 4093 576 4159 omnino
605 4095 757 4176 scriptori
784 4113 899 4160 manus
927 4093 1098 4160 admovere
1121 4091 1311 4174 reformido,
1336 4092 1426 4158 cuius
1449 4092 1501 4157 vel
1523 4111 1571 4157 re-

350 4201 500 4267 censendi
524 4201 667 4269 subsidia
696 4222 735 4268 ex
762 4201 973 4268 abditissimis
1001 4200 1129 4282 angulis
1159 4201 1413 4282 utiquemanca
1443 4199 1571 4281 conqui-

349 4308 451 4372 renda
473 4314 557 4390 sunt,
581 4309 645 4374 nisi
665 4308 765 4392 (quod
780 4327 839 4376 nos
854 4308 948 4376 inviti
963 4307 1109 4392 lecimus)
1133 4306 1348 4390 spurcissimis
1365 4305 1570 4388 adquiescere

349 4415 494 4481 volumus
530 4416 773 4498 exemplaribus.
819 4416 942 4502 pudeat
975 4414 1157 4500 philologos
1191 4415 1278 4497 quod
1311 4413 1452 4480 nondum
1484 4417 1570 4480 extat
