3420 5408
276 405 318 468 22

277 579 493 658 scholarchae,
511 579 539 644 si
555 578 684 660 quidem
696 577 760 641 iam
772 576 923 640 Patronis
935 580 1043 641 aetate
1056 576 1096 642 ab
1110 576 1261 643 Memmio
1274 583 1344 642 erat
1360 585 1502 660 emptum

278 687 329 771 [cf.
349 686 412 752 Gir.
438 685 479 750 ad
502 683 575 750 sam.
593 683 681 762 XIII,
709 685 737 748 1.
754 682 795 747 ad
811 682 908 748 Attio.
925 683 963 762 V,
991 682 1059 766 11]:
1084 683 1184 764 igitur
1201 685 1242 750 ad
1258 686 1451 750 sententiam
1467 685 1503 750 ἐν

276 791 367 878 νήσῳ
391 791 602 874 supplendum
619 795 678 855 est.
703 825 746 834 -
768 787 849 853 Erat
864 787 1013 852 Laertius
1028 788 1161 871 Epicuri
1185 791 1212 855 si
1235 808 1299 856 non
1320 792 1444 856 assecla
1459 829 1502 840 -

231 966 236 979 ,
277 900 455 966 dubitabile
479 897 573 978 enim,
597 897 708 978 ipsene
724 895 856 977 Epicuri
879 893 1075 979 δογματικὰς
1089 899 1236 982 σειρῆνας
1250 899 1281 962 Χ
1298 901 1317 962 9
1335 897 1503 965 efferatam

278 1011 391 1073 auctor
415 1007 545 1089 quidam
561 1010 655 1071 -at
678 1004 865 1084 admirator,
889 1004 986 1086 idque
1011 1021 1126 1069 causae
1149 1003 1219 1085 huit,
1246 1023 1302 1070 our
1317 1005 1357 1070 de
1373 1005 1505 1088 Epicuri

277 1115 345 1180 vita
373 1113 474 1179 multo
502 1114 597 1195 plura
625 1131 665 1178 ex
691 1111 813 1177 Dioclis
843 1110 926 1176 libro
956 1127 1053 1192 quam
1087 1111 1127 1176 de
1163 1114 1278 1178 ceteris
1310 1113 1503 1195 desumpsit:

277 1239 352 1285 nam
374 1224 511 1302 uterque
534 1220 567 1285 in
592 1219 704 1284 eodem
730 1217 858 1283 homine
884 1217 1046 1283 laudando
1074 1219 1305 1286 consentiebat.
1352 1220 1419 1288 Nec
1442 1220 1506 1286 dis·

279 1332 391 1409 crepat
413 1327 557 1392 Platonis
587 1326 730 1392 studium
759 1325 896 1391 Laertii:
921 1324 1073 1390 Laertius
1102 1326 1186 1391 enim
1215 1326 1358 1409 loquitur
1380 1327 1429 1393 III
1451 1330 1503 1409 47,

278 1454 343 1500 non
371 1434 514 1513 Diocles,
544 1437 581 1498 ut
608 1450 779 1515 perperam
807 1431 1018 1498 Nietzscheus
1047 1429 1188 1517 dixit⁹¹).
1239 1433 1288 1498 Ex
1316 1453 1379 1516 quo
1410 1436 1507 1500 ardor

280 1540 488 1622 certandique
512 1540 628 1622 cupido
652 1539 737 1620 apud
760 1529 969 1620 philosophias
993 1535 1168 1621 deferbuit,
1193 1540 1392 1606 diversarum
1417 1539 1507 1606 scho-

279 1648 383 1713 larum
407 1651 585 1713 sectatores
601 1646 720 1712 sensim
743 1646 896 1711 mutando
913 1650 948 1710 et
963 1645 1161 1712 emendando
1177 1647 1303 1729 priscae
1319 1648 1507 1730 disciplinae

280 1754 486 1820 sererItatem
510 1753 688 1833 leniebant,
719 1752 828 1833 itaque
851 1750 985 1833 facturn,
1014 1757 1051 1818 ut
1073 1751 1298 1835 Neoplatonioi
1326 1773 1390 1820 non
1412 1755 1507 1820 modo

281 1880 352 1926 cum
379 1860 605 1942 Peripateticis
634 1864 668 1926 et
698 1858 911 1941 Pythagoreis
939 1859 972 1924 in
1002 1878 1100 1924 unum
1130 1860 1361 1942 coalescerent,
1397 1879 1508 1926 verum

280 1969 512 2050 Epicureorum
534 1968 665 2033 decreta
687 1959 915 2048 nonnunquam
939 1967 967 2032 si
989 1986 1053 2032 non
1076 1967 1294 2049 adprobarent
1315 1974 1422 2033 tamen
1444 1987 1509 2034 non

282 2079 542 2159 aspernarentur.
578 2074 734 2157 Exemplo
750 2075 927 2142 Numenius
944 2081 1014 2140 esto
1030 2075 1281 2158 Neoplatonicus
1296 2076 1381 2140 idern
1404 2076 1509 2140 iustus

280 2184 512 2266 Epicureorum
535 2182 695 2261 laudator,
719 2181 770 2246 vel
786 2182 946 2248 Lucienus
961 2181 1106 2248 Platonis
1130 2183 1287 2265 simulque
1307 2183 1509 2248 Antisthenis

282 2295 316 2356 et
343 2290 475 2372 Epicuri
508 2289 680 2354 studiosus.
731 2289 783 2354 Ita
811 2289 977 2354 Laertium
1006 2289 1112 2356 iudico
1141 2290 1280 2372 Epicuro
1312 2311 1347 2356 se
1382 2291 1509 2356 dedisse

281 2398 427 2462 Platonis
457 2397 601 2461 amicum.
633 2432 671 2442 —
703 2395 854 2477 Epicurei
882 2397 983 2461 multo
1013 2396 1110 2461 etiam
1144 2401 1220 2479 post
1248 2396 1426 2464 floruerunt
1455 2396 1508 2482 [cf.

283 2507 408 2587 Zumpt,
425 2503 533 2570 Ueber
549 2505 610 2569 den
623 2503 766 2568 Bestand
782 2504 840 2568 der
855 2503 971 2584 philos.
987 2502 1123 2568 Schulen
1141 2508 1200 2570 etc.
1233 2504 1434 2587 Abhandlgg.
1453 2506 1511 2570 der

282 2612 367 2677 Berl.
386 2614 440 2677 Ao.
459 2612 516 2676 der
539 2610 740 2678 wisaram
764 2629 795 2691 p.
815 2610 855 2673 51
881 2609 981 2694 sqq.];
1006 2629 1198 2692 quamquam
1221 2629 1262 2676 ne
1285 2610 1359 2678 hino
1382 2612 1511 2695 quidem

284 2720 516 2785 accuratiorem
528 2718 652 2783 Laertii
676 2718 791 2782 ehoere
813 2735 945 2798 possum
969 2717 1086 2782 aetatis
1101 2723 1211 2784 notam
1227 2738 1323 2802 quam
1339 2720 1442 2785 adhuc
1459 2739 1512 2784 ex·

285 2832 363 2892 stat:
378 2828 463 2892 inter
471 2826 601 2891 Sextum
607 2825 805 2907 Empiricum
818 2823 857 2908 [o.
868 2824 947 2908 200]
960 2825 1172 2892 conlocandus
1186 2831 1245 2907 est,
1260 2845 1354 2908 quem
1366 2828 1465 2907 nouit,
1479 2831 1512 2892 et

285 2934 483 3016 Stephanum
493 2933 682 3015 Byzantium
695 2931 736 3016 [c.
749 2932 837 3016 500],
855 2951 949 3014 aquo
962 2933 1032 3015 ipse
1045 2933 1164 2998 citatur
1177 2934 1305 3015 saepius
1318 2932 1357 3017 [c.
1372 2936 1413 2998 47
1417 2933 1451 3018 0]
1459 2931 1510 3016 ²²).

373 3041 462 3105 Haec
491 3038 590 3105 habui
617 3057 699 3122 quae
727 3041 847 3123 partim
879 3058 961 3105 nova
997 3041 1036 3105 de
1065 3040 1176 3106 Diocle
1211 3041 1358 3106 docerem
1393 3041 1513 3123 partim

284 3150 367 3216 falsa
394 3148 626 3231 propulsarem.
680 3147 804 3212 Addam
838 3152 925 3213 nota.
980 3148 1124 3213 Dioclem
1154 3147 1303 3213 Laertius
1338 3152 1513 3214 testantem

284 3256 362 3322 facit
397 3257 437 3320 de
470 3256 693 3339 Xenophontis
725 3253 816 3336 filiis,
853 3256 893 3321 de
922 3255 1080 3337 Aristippi
1113 3254 1254 3338 facetiis,
1290 3257 1330 3321 de
1357 3257 1512 3338 Diogenis

285 3364 486 3431 vestimentis
517 3368 550 3428 et
577 3364 671 3430 exilio
702 3364 844 3446 sciteque
874 3364 973 3444 dicto,
1010 3363 1050 3428 de
1078 3362 1219 3428 Cratetis
1252 3365 1448 3429 abstinentia
1479 3368 1514 3428 et

285 3491 405 3555 poena,
436 3471 476 3536 de
499 3471 643 3554 Menippi
670 3471 763 3537 libris
794 3472 897 3553 deque
928 3471 1088 3537 scribendi
1117 3471 1246 3552 ardore,
1276 3472 1316 3537 de
1339 3471 1513 3554 Pyrrhonis

359 3632 398 3704 2¹)
417 3630 607 3688 Φιλοπλάτωνι
626 3632 664 3686 ,δέ
691 3650 734 3686 σοι
761 3633 902 3693 δικαίως
930 3627 1084 3703 ὑπαρχούσῃ
1111 3630 1157 3685 καὶ
1174 3629 1244 3701 ,παρ’
1270 3627 1392 3687 ὁντινοῦν
1416 3627 1448 3685 τὰ
1467 3631 1514 3685 τοῦ

288 3723 436 3795 φιλοσόφον
455 3720 580 3795 δόγματα
601 3725 748 3795 φιλοτίμως
768 3720 876 3795 ζητούσῃ
894 3721 1046 3794 ἀναγκαῖον
1063 3717 1202 3793 ἡγησάμην
1220 3716 1382 3792 ὑπογράψαι
1400 3724 1454 3775 κτλ.
1478 3719 1513 3774 of.

286 3787 447 3868 Nietzschei
464 3828 557 3882 progr.
576 3828 602 3881 p.
622 3813 648 3867 6.

358 3901 396 3972 22)
415 3901 589 3957 Solummodo
609 3899 755 3972 Byzantini
777 3905 894 3953 utuntur
910 3899 1033 3968 Laertio,
1052 3904 1164 3969 praeter
1183 3898 1351 3966 Stephanum
1371 3899 1417 3969 [de
1436 3898 1515 3954 cuius

288 3995 378 4046 aetate
398 3992 432 4045 cf.
451 3993 485 4046 E.
504 3990 600 4046 Rohda
619 4006 686 4045 mus.
706 3991 784 4044 rhen.
803 3988 922 4044 XXXIV
941 3989 1036 4060 [1879]
1057 4005 1083 4057 p.
1102 3988 1180 4057 563¹]
1202 3987 1318 4056 Sopater
1338 3988 1430 4059 [Phot.
1449 3987 1515 4043 bibl.

288 4082 348 4137 eod.
376 4081 438 4152 161]
468 4081 585 4136 Photius
614 4079 712 4135 Suidas
735 4078 868 4148 Cephalas
895 4078 1021 4133 Eudocia
1047 4077 1212 4133 Eustathius
1239 4073 1342 4132 Paetus
1368 4077 1516 4148 Planudes,

289 4171 406 4240 denique
429 4170 557 4226 falsarius
582 4171 634 4224 iste
659 4169 813 4238 Hesychius
838 4167 885 4236 qui
908 4167 998 4224 fertur
1022 4168 1067 4238 [de
1094 4183 1148 4236 quo
1173 4166 1207 4221 cf.
1227 4167 1373 4221 Lehrsium
1396 4166 1425 4220 in
1447 4183 1515 4222 mus.

289 4261 365 4314 rhen.
384 4259 465 4314 XVII
488 4277 514 4330 p.
538 4261 591 4316 453
615 4275 673 4328 sqq.
694 4283 729 4304 ==
747 4257 935 4312 Pindarschol.
959 4273 987 4326 p.
1008 4259 1058 4313 159
1077 4273 1135 4326 sqq.
1164 4262 1193 4311 et
1211 4256 1405 4314 Nietascheum
1424 4255 1516 4311 XXIV

288 4367 314 4419 p.
335 4350 410 4418 212}
