3432 5400
1334 461 1396 526 159

162 631 349 712 pammetri
371 629 471 698 fuisse
493 627 664 716 poetam).
705 649 800 715 quem
823 633 972 715 quoniam
996 639 1071 700 ante
1094 635 1272 704 Historiam
1295 638 1399 720 philo-

163 736 313 818 sopham
342 738 485 806 condidit
521 739 699 806 certissime
727 740 899 823 conligitur
927 759 980 807 res
1008 759 1085 808 saue
1108 743 1225 825 gravis.
1279 744 1398 812 dudum

164 843 381 912 intellectum
397 851 458 928 est,
483 846 648 930 epitaphia
663 845 926 929 philosophorum
943 851 1068 914 tantum
1091 869 1156 916 non
1178 852 1285 918 omnio
1308 854 1399 936 sequi

162 951 348 1038 Hermippi
370 953 511 1035 fabulas,
540 955 580 1020 de
609 954 724 1036 quibus
752 954 932 1036 elegantem
961 957 1085 1022 otveri
1108 956 1301 1024 simillimam
1324 979 1398 1027 con·

162 1059 334 1126 iecturam
362 1060 439 1129 fecit
465 1061 626 1128 Dielesius
648 1081 679 1144 p.
707 1062 780 1128 151.
830 1063 946 1128 mirum
973 1063 1033 1130 hoo
1060 1065 1229 1149 Hermippi
1257 1068 1398 1134 studium

164 1173 274 1250 esset,
304 1169 334 1234 si
356 1169 494 1252 Diogeni
523 1186 594 1234 cum
621 1169 855 1252 epigrammata
878 1171 1031 1238 conderet
1053 1177 1103 1240 tot
1125 1179 1245 1241 mortes
1268 1181 1397 1258 tamque

162 1277 287 1342 variae
323 1277 543 1360 suppetissent
576 1282 655 1361 quot
689 1277 722 1343 in
752 1277 828 1344 vitis
864 1280 1037 1345 secundum
1071 1281 1216 1348 diversos
1250 1287 1398 1349 auctores

163 1384 287 1448 tradit
336 1388 449 1450 eontra
471 1384 578 1450 omnia
600 1383 761 1465 plana,=si
784 1387 859 1450 ante
882 1385 984 1468 Vitas,
1015 1389 1191 1472 sicutipse
1219 1390 1306 1471 dicit,
1331 1391 1398 1473 epi-

164 1497 358 1572 grammata
380 1490 466 1572 iecit,
490 1509 568 1558 usus
590 1491 741 1558 nimirum
763 1511 826 1558 uno
855 1509 893 1557 ac
914 1492 1059 1576 proiecto
1081 1497 1161 1562 satis
1176 1497 1275 1563 ubere
1298 1496 1396 1580 fonte,

163 1597 365 1682 Hermippo,
394 1599 460 1685 (eui
487 1616 591 1682 pauca
618 1617 701 1682 quae
728 1599 886 1666 accedunt
913 1619 996 1668 nunc
1023 1621 1087 1669 non
1116 1605 1257 1686 expuis).
1308 1606 1398 1689 atqui

165 1707 271 1774 modo
288 1705 368 1774 haec
388 1706 613 1790 concedentur,
638 1711 887 1775 consentaneum
902 1713 961 1790 est,
978 1708 1156 1793 Hermippi,
1180 1712 1208 1776 si
1223 1731 1286 1778 non
1302 1713 1396 1794 vitas,

166 1819 207 1880 at
234 1820 324 1882 certe
338 1821 460 1884 mortes
475 1815 739 1898 philosophorum
762 1814 802 1882 ab
818 1815 889 1898 ipso
905 1816 1049 1899 Diogene
1065 1816 1166 1882 lectas
1183 1835 1263 1884 esse.
1303 1837 1396 1885 nemo

166 1921 241 1988 iam
264 1927 374 2004 potest
396 1921 544 2005 infitiari,
575 1921 647 1988 fieri
669 1941 765 2005 posse
790 1920 880 2005 (quin
902 1923 1069 2005 probabile
1092 1924 1187 2009 esse),
1211 1924 1321 1990 uthis
1345 1945 1397 1992 cx-

168 2031 298 2114 cerptis
321 2049 398 2098 usus
422 2032 465 2098 sit
487 2031 649 2114 Diogenes
673 2032 771 2097 etiam
793 2031 828 2096 in
849 2030 987 2099 historia
1010 2050 1077 2098 sua
1121 2037 1234 2098 contra
1257 2032 1397 2099 certissi-

167 2157 263 2204 mum
286 2143 338 2206 est
361 2158 434 2205 eum
448 2139 626 2230 ¹Hermippi
648 2139 810 2222 permulta
832 2157 897 2204 una
920 2157 990 2205 cum
1013 2140 1085 2222 ipso
1108 2139 1247 2206 vitarum
1263 2158 1396 2223 corpore

169 2247 215 2312 ab
241 2247 315 2313 aliis
338 2248 510 2330 accepisse.
550 2266 590 2314 en
614 2247 792 2329 exemplum
815 2266 878 2330 quo
901 2247 1136 2330 comprobetur,
1161 2246 1246 2330 quod
1266 2249 1395 2314 memini

168 2374 279 2437 nuper
311 2354 350 2421 de
385 2356 518 2422 ultimae
553 2355 671 2422 aetatis
705 2354 968 2436 compilatoribus
1001 2354 1119 2420 dixisse
1154 2356 1394 2438 Mommsenum,

169 2465 303 2546 (revera
330 2463 432 2530 multo
459 2463 559 2531 latius
586 2467 692 2546 patet3
727 2481 855 2544 possem
884 2462 918 2527 in
947 2463 1017 2545 ipso
1040 2462 1183 2529 Diodoro
1215 2463 1394 2546 ostendere,

171 2575 274 2652 atque
298 2589 325 2635 e.
352 2589 397 2652 gr.
423 2570 572 2652 Ephorus
594 2570 627 2636 in
652 2569 842 2636 Strabonem
865 2576 900 2636 et
923 2589 961 2636 ex
989 2571 1091 2653 ipsius
1118 2571 1256 2638 lectione
1282 2577 1315 2636 et
1336 2590 1395 2654 per

171 2678 406 2760 Apollodorum
437 2682 473 2744 et
500 2697 560 2760 per
582 2678 782 2743 Demetrium
804 2677 983 2764 pervenit),
1013 2679 1200 2761 saepissime
1224 2678 1320 2744 simul
1343 2697 1395 2743 cx-

172 2787 265 2869 cerpi
288 2791 322 2852 et
344 2786 535 2868 scriptorem
550 2786 655 2868 ipsum
671 2790 704 2850 ct
725 2785 870 2852 ‘eiusdem
888 2785 1123 2869 compilatores,
1147 2788 1194 2854 ita
1213 2791 1250 2852 ut
1265 2786 1395 2851 minime

172 2898 331 2978 sequatur
353 2894 470 2960 librum
493 2893 632 2977 aliquem
660 2912 724 2960 non
746 2894 865 2960 lectum
888 2912 959 2960 esse
983 2895 1109 2961 omnino
1133 2913 1152 2960 a
1176 2894 1394 2977 compilatore,

172 3003 204 3068 si
231 3002 331 3068 semel
361 3002 615 3070 demonstratum
645 3007 696 3068 est
722 3020 781 3084 per
808 3002 946 3068 alienam
973 3021 1102 3067 manum
1125 3002 1166 3067 ad
1190 3021 1261 3068 eum
1284 3021 1396 3085 perve-

172 3109 271 3176 nisse.
311 3114 448 3192 augetur
471 3110 668 3177 sitientium
690 3109 944 3192 indagandorum
966 3107 1155 3175 difficultas:
1180 3110 1239 3176 sed
1261 3109 1396 3176 difficul-

172 3222 261 3284 tates
285 3216 485 3300 superandae
509 3221 593 3298 sunt,
617 3238 682 3286 non
697 3219 814 3301 ignava
828 3216 985 3283 facilitate
1003 3216 1188 3283 cludendae.
1228 3218 1269 3284 ab
1292 3219 1396 3284 altera

172 3343 251 3392 vero
274 3330 369 3407 parte
391 3343 562 3408 perperam
583 3331 621 3392 ut
644 3327 823 3393 excitentur
846 3323 1063 3406 difficultates,
1089 3343 1150 3391 usu
1172 3326 1269 3392 venit.
1305 3345 1395 3391 num·

174 3453 271 3518 quam
294 3434 327 3499 in
351 3433 618 3517 cohaerendum,
648 3435 676 3501 si
704 3433 894 3516 compilator
923 3438 1086 3498 auctorem
1110 3453 1172 3516 quo
1196 3433 1296 3500 semel
1318 3453 1395 3500 usus

174 3548 226 3608 est
254 3559 318 3607 non
349 3541 497 3608 adhibuit
524 3543 619 3608 alteri
653 3541 834 3625 quaestioni
861 3539 1042 3620 solvendae,
1078 3539 1204 3605 etiamsi
1231 3541 1394 3606 commode

173 3654 313 3734 poterat.
360 3649 407 3714 ita
429 3649 696 3716 PHLEGONTIS
720 3649 749 3732 (l
767 3647 843 3733 111)
867 3652 900 3713 et
915 3645 1110 3712 EPIOTETI
1132 3648 1227 3732 (116)
1251 3646 1394 3730 quamvis

174 3757 340 3824 solitariae
363 3759 537 3824 memoriae
560 3762 691 3824 nonest
714 3775 771 3823 cur
795 3755 973 3838 aDiogene
998 3754 1039 3820 ad
1061 3752 1182 3820 fontem
1197 3755 1266 3819 eius
1289 3759 1394 3820 trans·

174 3865 329 3945 ferantur,
365 3865 450 3947 quod
483 3865 587 3932 uoluit
619 3864 829 3932 Bahnschius.
877 3866 965 3928 certe
1000 3862 1040 3928 de
1074 3861 1215 3928 auctoris
1248 3860 1394 3943 primarii

175 3977 283 4039 aetate
312 3972 387 4038 hinc
415 3973 496 4038 nihil
522 3977 632 4054 potest
660 3971 814 4039 concludi.
867 3969 982 4037 deinde
1010 3987 1075 4038 non
1102 3987 1233 4052 possum
1260 3968 1393 4034 laudare

247 4150 269 4221 ⁷)
288 4151 363 4220 Ergo
375 4167 430 4205 non
443 4149 544 4205 iniuria
557 4148 638 4204 credo
652 4164 695 4204 me
709 4163 792 4218 supra
805 4148 833 4203 in
848 4146 984 4203 laudando
998 4145 1130 4214 Diogenis
1142 4143 1260 4200 candore
1271 4143 1393 4198 omisisse

176 4241 309 4312 epitaphii
326 4239 463 4295 Platonici
480 4239 592 4307 furtum,
611 4237 646 4293 de
665 4253 719 4306 quo
737 4243 777 4306 tu,
795 4243 892 4306 utpote
912 4237 1041 4306 in3poeta
1058 4233 1160 4288 saeculi
1178 4232 1255 4287 tertii
1273 4249 1299 4302 p.
1319 4231 1392 4301 Chr,

175 4331 301 4388 acerbius
319 4329 448 4386 iudicasti
467 4344 630 4398 quamquam
648 4343 712 4384 vere
736 4345 762 4398 p.
781 4329 825 4383 73.
866 4341 929 4382 nam
948 4324 997 4380 tali
1015 4328 1105 4378 aetate
1127 4321 1219 4392 poesis
1241 4337 1274 4376 eo
1296 4322 1393 4377 melior

175 4436 229 4492 quo
246 4419 360 4491 propius
377 4435 394 4474 a
412 4425 527 4475 centone
546 4419 633 4474 abest.
