3420 5408
1382 505 1402 566 7

269 682 316 747 Εο
339 682 403 744 iam
424 699 476 745 res
493 680 631 744 deducta
655 682 714 758 est,
739 683 785 758 ut,
810 678 949 760 quidde
977 679 1058 744 libro
1083 680 1222 745 omnium
1247 686 1404 762 quotquot

180 793 222 856 ud
250 789 418 855 historiam
447 788 631 852 litterarum
660 805 848 868 graecarum
878 791 1027 867 spectant
1056 787 1151 869 louge
1183 788 1403 869 copiosissimo

180 899 353 977 iudicetur,
385 896 481 978 plane
511 896 554 960 sit
583 893 769 959 dubitabile.
818 893 916 958 Grrius
940 895 1030 975 origo
1059 895 1135 976 quin
1160 895 1203 959 sit
1230 895 1402 977 patefacta,

179 1003 284 1068 latent
319 1007 416 1084 atque
450 1001 599 1067 latebunt
626 989 753 1083 pecoris
787 1001 874 1066 illius
910 1002 999 1066 aurei
1033 1003 1089 1084 qui
1123 1008 1256 1068 vocatur
1288 1002 1403 1068 Suidas

180 1115 303 1192 pastus,
328 1111 394 1175 sive
419 1109 551 1191 glandes
575 1108 641 1174 sive
665 1108 784 1190 fruges,
809 1108 926 1173 latebit
949 1128 1019 1174 oum
1048 1109 1310 1191 philosophorum
1335 1114 1403 1175 tum

181 1222 361 1282 ceterarum
390 1217 530 1281 vitarum
564 1222 722 1300 quotquot
751 1222 825 1283 sunt
855 1236 1031 1299 anonymae
1067 1218 1172 1299 origo,
1207 1217 1292 1283 bona
1323 1203 1412 1282 artis'

180 1323 311 1391 nostrae
339 1343 414 1406 pars
444 1323 604 1390 oblivione
632 1325 751 1390 iacebit
779 1325 981 1391 oblitterata:
1019 1330 1130 1394 notum
1160 1325 1245 1390 enim
1275 1325 1345 1390 dieo
1375 1328 1404 1388 ‘a

180 1433 310 1499 Laertio
334 1431 546 1515 prinoipium’.

269 1539 439 1605 Materiam
467 1539 590 1620 largam
618 1538 748 1620 lateque
776 1535 922 1602 diffusam
951 1544 1026 1602 ante
1060 1537 1119 1603 hos
1148 1542 1216 1602 tres
1244 1557 1344 1603 annos
1373 1544 1406 1603 et

180 1648 345 1713 dimidium
375 1647 466 1728 ooepi
494 1650 711 1729 pertractare,
749 1665 818 1710 cum
847 1645 1111 1728 philosophorum
1142 1645 1220 1710 ordo
1251 1644 1406 1730 Gryphis-

180 1755 350 1820 waldensis
372 1755 454 1820 hano
477 1755 699 1836 quaestionem
726 1753 961 1834 proposuisset:

269 1860 431 1928 Exlitisse
468 1858 715 1928 florentissimis
747 1857 992 1944 grammatieoe
1028 1881 1170 1944 graecae
1207 1859 1405 1946 temporibus

179 1970 281 2036 libros
293 1969 365 2056 περὶ
377 1966 558 2051 ὁμωνύμων
567 1966 743 2055 inscriptos
754 1974 868 2032 reolum
880 1973 945 2040 est;
960 1966 1128 2032 sz'rrzz'lium
1140 1965 1406 2052 disputationum

179 2076 321 2162 vestigio
347 2075 387 2140 iri
406 2074 541 2141 scholiis
563 2073 745 2160 lexieisque
766 2080 799 2138 et
818 2075 912 2160 apud
932 2075 1053 2138 mullos
1073 2076 1125 2139 vel
1142 2073 1277 2158 r'refimae
1291 2072 1407 2137 aetolis

178 2183 354 2270 scriptores
370 2189 505 2269 pateret:
528 2188 618 2268 optet
631 2181 908 2273 philosophorum
926 2183 1021 2253 ordo,
1049 2188 1088 2244 ui
1108 2202 1321 2268 quaeeunque
1343 2182 1408 2245 leue

179 2297 325 2380 spectaret
336 2290 552 2375 colligaretur,
578 2294 793 2361 enarrentur,
816 2289 863 2352 ad
875 2294 1025 2352 auctores
1040 2311 1127 2362 suos,
1146 2294 1310 2374 quatenus
1321 2288 1411 2376 fieri

174 2405 287 2488 potest,
314 2399 519 2483 reseraretur.

271 2505 424 2593 Opusouli
458 2504 521 2568 mei
554 2502 746 2585 particulam
780 2503 814 2566 in
849 2501 1077 2566 dissertatione
1114 2502 1408 2586 Gryphiswaldensi

181 2616 231 2680 ‘ds
255 2613 448 2697 Sibyllarum
472 2609 639 2676 indicibus'
666 2628 768 2691 nuper
792 2609 879 2674 edidi
902 2608 1059 2692 [Berolini
1079 2609 1139 2672 187
1145 2611 1174 2688 9,
1199 2610 1284 2690 apud
1300 2609 1408 2674 Weid-

180 2723 338 2807 mannos],
363 2721 422 2786 edo
446 2738 530 2785 nuno
552 2737 616 2784 non
641 2717 709 2783 sine
734 2716 827 2782 anxio
852 2717 967 2782 timore
992 2715 1136 2780 alteram.

224 2831 345 2896 Verum
376 2827 530 2911 quidquid
565 2826 598 2891 in
633 2825 693 2890 hoo
729 2825 907 2889 studiorum
943 2844 1060 2907 genere
1095 2823 1232 2906 profeci,
1269 2825 1296 2888 si
1331 2825 1408 2905 quid

179 2937 315 3020 profeci,
345 2942 448 3002 totum
473 2935 513 2999 ad
537 2931 786 2998 VDALRIOVM
809 2931 867 2996 DE
891 2931 1409 2999 WILAMOWITZ-MOELLEN-

180 3043 320 3110 DORFF
342 3044 448 3108 laetus
471 3042 575 3107 libens
598 3038 713 3104 refero.
753 3039 807 3103 Ius
831 3036 943 3122 fasque
966 3041 1045 3104 mihi
1065 3039 1126 3104 hoo
1143 3044 1193 3103 est
1208 3038 1406 3120 praedicare,

181 3157 218 3217 ut
240 3152 346 3216 animo
370 3150 451 3216 satis
474 3148 598 3214 faciam.
638 3147 687 3210 Ex
703 3166 765 3228 quo
783 3147 866 3210 enim
884 3164 1014 3227 operam
1030 3145 1219 3227 biographis
1235 3145 1407 3226 impertiri,

180 3279 253 3325 eum
277 3263 311 3322 et
333 3259 460 3336 ducem,
488 3259 521 3322 in
544 3256 624 3319 locis
648 3259 715 3318 tam
739 3253 876 3318 desertis
899 3255 1062 3336 vastisque
1086 3252 1185 3317 tironi
1216 3253 1408 3334 praesertim

179 3366 410 3444 necessarium,
448 3369 481 3429 et
508 3361 799 3428 maturescentibus
829 3361 950 3426 viribus
981 3363 1129 3426 comitem
1158 3379 1227 3425 sum
1256 3366 1408 3442 expertus

180 3478 396 3552 constantem,
426 3472 480 3555 qui
508 3474 675 3536 revocaret
708 3470 871 3534 incautum
894 3468 1029 3533 —lere
1057 3469 1203 3550 paenitet
1226 3472 1408 3532 monentem

179 3582 341 3648 interdum
380 3600 442 3645 non
482 3577 643 3643 audivisse
681 3615 726 3624 -
764 3581 1007 3658 praetergresso
1048 3575 1178 3640 scienda
1212 3578 1409 3640 monstraret

181 3689 367 3754 emendaret
390 3691 584 3770 peccantem.
625 3684 661 3749 In
686 3683 770 3748 votis
795 3688 866 3747 erat
889 3690 1016 3765 gratum
1041 3683 1247 3765 deditumque
1269 3681 1409 3746 animum

181 3796 343 3862 offerendo
374 3795 552 3860 studiorum
576 3793 737 3875 primitias
760 3795 942 3873 praestare;
968 3791 1087 3858 bancos
1110 3791 1264 3856 benevole
1289 3807 1408 3872 quaeso

181 3904 319 3986 accipiat
347 3902 441 3968 δόσιν
464 3897 576 3987 ὀλίγην
599 3925 632 3964 τε
656 3901 754 3986 φίλην
777 3923 819 3964 τε.

272 4065 392 4146 Scripsi
417 4063 631 4145 Colbergaa
655 4063 809 4129 Kalendis
833 4061 1005 4126 februariis
1032 4061 1124 4126 1880.
