3432 5400
1315 515 1377 582 113

472 685 629 746 Numenius.
979 689 983 772 Ι
1128 692 1262 750 Laertius.

150 802 221 885 ἴτης
249 807 303 864 καλ
334 800 480 877 οὐδενός·
508 808 563 865 καὶ
590 803 716 880 ἐλέγετο
743 808 817 889 περὶ
851 797 955 867 αὐτοῦ

150 905 318 988 ᾀδόμενον
342 908 399 993 [I]
423 931 454 972 ra
478 908 554 984 ἔπος
577 909 776 995 παράγωγον
798 913 853 972 καὶ
867 903 955 995 ὕβρι·
1010 912 1052 978 ib.
1079 912 1254 997 [Aristo].

151 1012 276 1079 σσινόν·
315 1016 463 1102 Ἧρόσθε
493 1016 634 1082 Πλάτων
666 1018 790 1081 ὄπιθεν
817 1014 956 1103 Πύρῥιον

150 1125 268 1203 μέσσος
291 1121 476 1210 Διόδωρος.
1011 1127 1052 1193 ib.
1079 1126 1224 1210 [Τὶιηο]Ι

156 1233 288 1312 Τίμων
311 1229 346 1294 δὲ
369 1229 423 1291 καὶ
446 1228 509 1295 ὑπὸ
528 1231 718 1316 Μενεδήμου
740 1233 778 1296 τὸ
800 1230 956 1319 ἐριστικόν

151 1353 231 1418 φησι
246 1333 395 1417 λαβόντα
414 1333 646 1423 ἐξαρτυθῆναι,
664 1340 755 1425 εἴπερ
770 1364 806 1418 γε
821 1329 864 1422 (λη’
879 1355 956 1425 φησι

152 1446 228 1528 περὶ
249 1437 350 1506 αὐτοῦ
372 1441 436 1506 κτλ.

153 1568 185 1628 p.
201 1549 254 1628 32,
292 1551 397 1631 5-p.
413 1551 465 1630 33,
513 1551 643 1616 8rati0
667 1551 856 1618 disserendi.
1011 1554 1056 1619 IV
1079 1555 1132 1619 28.

153 1675 185 1735 p.
201 1656 254 1738 33,
291 1658 398 1721 8-11
558 1657 671 1724 lomna.
1011 1660 1056 1727 IV
1079 1662 1131 1726 30.

155 1781 186 1843 p.
202 1763 255 1843 33,
273 1765 402 1828 12-15
556 1783 576 1828 a
637 1765 860 1847 Theophrasto
915 1766 957 1831 ad

555 1870 744 1937 Crantorem
768 1873 934 1938 transitus.
1011 1875 1057 1941 1v
1080 1877 1132 1939 29.

155 1996 186 2059 p.
202 1978 255 2058 37,
270 1979 354 2043 20-
366 1997 396 2059 p.
411 1981 464 2059 41,
493 1981 530 2042 11
557 1978 597 2043 de
622 1979 748 2061 Lacyde
776 1980 955 2046 historiola.
1011 1982 1057 2047 IV
1081 1983 1133 2046 59.

247 2085 346 2149 Vides
386 2085 597 2150 concordiam.
657 2087 760 2164 Quid?
799 2088 884 2170 quod
922 2089 994 2170 ipsa
1027 2086 1179 2152 Favorini
1217 2085 1387 2166 omnigena

156 2192 296 2258 historia
320 2193 405 2274 apud
429 2193 621 2258 Numenium
645 2194 920 2276 deprehenditur?
957 2197 989 2262 Is
1013 2198 1098 2261 teste
1121 2193 1252 2258 Laertio
1273 2192 1320 2258 IV
1344 2193 1386 2256 63

156 2300 339 2365 Mentorem
363 2300 535 2383 Bithynum
564 2320 634 2366 cum
658 2302 815 2367 Arcesilai
838 2303 994 2384 paelicem
1023 2306 1183 2368 tentasset
1211 2299 1322 2366 schola
1345 2298 1387 2364 ab

157 2407 325 2472 Arcesilao
362 2409 528 2489 expulsum
566 2427 636 2473 esse
668 2411 821 2475 narravit.
877 2411 966 2488 Quae
1001 2411 1113 2475 eadem
1146 2407 1388 2474 narratiuncula

157 2515 317 2579 Numerio
364 2513 489 2579 suffecit
529 2516 570 2581 ad
609 2517 766 2582 Mentoris
813 2536 919 2583 mores
964 2518 1195 2583 inlustrandos,
1249 2511 1388 2589 Ἰδόντες

157 2625 261 2706 ἴσμεν,

528 2923 556 2965 ο.
576 2909 620 2963 lte
638 2908 806 2979 Hippolyto
825 2910 857 2965 et
875 2909 1013 2966 Laertio.
1070 2991 1071 2996 γ

250 3049 420 3131 Hippolyti
455 3049 703 3116 ‘refutationum’
741 3053 878 3134 primum
910 3053 1028 3117 librum
1056 3053 1111 3134 qni
1140 3053 1200 3118 suh
1229 3053 1387 3136 peculiari

156 3157 254 3224 tltulo
279 3157 571 3242 φιλοσοφουμένων
595 3158 817 3225 circumfertur
839 3164 966 3226 constat
981 3159 1092 3224 labore
1108 3160 1239 3226 minimo
1256 3162 1386 3227 aliunde

158 3283 230 3330 esse
255 3270 448 3347 surreptum.
496 3252 657 3330 Dtelesiu's
680 3286 710 3348 p.
731 3269 793 3331 145
818 3267 898 3332 duos
921 3268 1037 3332 statuit
1059 3272 1222 3348 auctores,
1248 3268 1387 3334 alterum

158 3372 401 3454 doxographnm
425 3371 562 3437 alterum
585 3373 812 3455 biographum,
841 3374 931 3438 illum
953 3374 1057 3456 primo
1082 3373 1185 3439 solum
1208 3375 1250 3440 ad
1272 3394 1386 3441 manus

158 3479 272 3560 fuisse,
318 3481 402 3545 unde
448 3475 700 3562 coryphaeorum
745 3481 889 3547 Thaletis
934 3481 1139 3564 Pythagorae
1182 3482 1386 3565 Empedoclis

152 3587 317 3652 ,Heracliti
353 3587 459 3669 capita
492 3585 661 3652 fluxissent
689 3590 860 3670 conspicua
889 3588 1172 3671 apophthegmatis
1200 3589 1386 3671 vulgaribus

159 3698 193 3758 et
215 3693 409 3772 historiolIs3
445 3695 612 3775 opiniones
642 3695 778 3759 strictim
806 3696 940 3762 noviciis
968 3697 1149 3777 augmentis
1172 3696 1386 3779 locupletatos

159 3799 283 3865 referri.
330 3801 402 3864 Huc
425 3805 595 3881 praeterea
624 3801 694 3866 iure
717 3803 878 3868 Dielesius
907 3804 1006 3867 traxit
1031 3805 1061 3883 7,
1087 3806 1117 3868 9.
1142 3804 1172 3883 8,
1201 3804 1250 3868 13.
1278 3807 1328 3884 10,
1356 3805 1384 3868 1.

159 3909 332 3973 Auctorem
356 3909 499 3974 tenebris
523 3909 627 3973 noluit
650 3910 789 3991 eripere:
822 3929 892 3975 esse
924 3911 1008 3975 enim
1035 3909 1205 3975 ridiculum
1232 3910 1266 3974 in
1294 3914 1386 3975 tanta

158 4015 410 4097 biographorum
444 4016 536 4096 copia
571 4019 692 4080 certum
727 4017 886 4098 quendam
922 4017 1041 4098 eligere
1075 4016 1166 4082 velle.
1218 4016 1261 4081 At
1287 4036 1386 4082 unum

160 4122 294 4203 originis
317 4123 469 4187 indIcium
492 4142 557 4187 non
581 4123 661 4186 satis
685 4123 793 4204 magni
817 4123 1006 4188 aestimasse
1029 4123 1108 4188 mihi
1131 4123 1268 4203 videtur,
1292 4125 1385 4188 testi-

159 4230 268 4294 monia
303 4229 373 4292 dico
409 4246 491 4311 quae
526 4229 657 4293 Laertio
694 4230 863 4311 adsumpto
900 4234 1143 4311 cognoscuntur.
1202 4228 1386 4296 Aristoxeni

160 4336 303 4401 Sotionis
329 4335 511 4399 Heraclidis
539 4335 663 4399 Pontici
693 4335 745 4418 [cl.
770 4335 878 4403 Laert.
904 4336 980 4402 VIII
1003 4339 1032 4400 4.
1080 4335 1245 4418 Hippolyt.
1270 4356 1300 4419 p.
1320 4339 1384 4404 557

160 4442 265 4525 Diels]
282 4442 469 4523 Apollodori
491 4443 639 4507 doctrina
661 4443 724 4506 Iam
749 4443 790 4506 ab
815 4447 945 4506 auctore
961 4442 1130 4524 Hippolyti
1154 4447 1226 4506 erat
1242 4443 1386 4510 conlecta

213 4563 324 4618 Philolog.
339 4564 536 4618 untenucnungen
545 4563 587 4610 ιιι,
1190 4550 1207 4604 8
