3432 5400
1374 389 1437 452 119

209 565 319 630 omnia
341 564 464 629 Flachii
492 567 692 645 argumenta.
723 599 761 607 —
788 561 1029 628 Abstinebimus
1053 562 1228 627 Flachiana
1251 563 1437 645 opinatione

208 671 265 754 qui
289 689 437 736 curamus
459 671 639 735 veritatem.

298 779 349 843 Ad
372 778 598 843 Nietzscheum
621 783 776 858 revertor,
800 797 863 859 quo
888 776 1046 858 corrigam
1070 796 1152 860 quae
1177 778 1307 842 erravit.
1356 779 1436 844 Sub-

208 885 393 950 stituendus
421 886 506 950 enim
533 885 657 951 Laertii
687 891 800 950 auctor
828 905 888 966 pro
911 885 1077 950 Demetrio
1106 889 1157 950 est
1179 885 1372 966 Favorinus
1402 888 1436 951 id

207 993 295 1075 quod
310 992 361 1057 vel
376 997 564 1074 perreptato
580 992 641 1058 hoc
653 993 785 1058 testimn
798 992 910 1056 ordine
922 990 1130 1060 confirmatur
1143 991 1195 1075 [cf.
1210 991 1435 1060 Nietzscheum

207 1120 238 1182 p.
258 1101 337 1164 224:
364 1099 453 1164 Satio
480 1100 677 1182 Hermippus
704 1099 845 1164 Phanias
873 1099 1059 1166 Timotheus
1087 1100 1272 1166 Demetrius
1301 1099 1435 1182 Magnes

206 1205 424 1288 Apollodorus
454 1206 619 1272 Neanthes
649 1207 782 1291 Satyrus
811 1207 921 1274 Aristo
951 1207 1101 1272 Timaeus
1132 1207 1338 1290 Hippobotus
1370 1209 1434 1274 He-

206 1312 345 1377 raclides
380 1313 490 1392 Duris¹
509 1313 691 1378 Alexander
725 1313 909 1396 Polyhistor
937 1313 1122 1396 Aristippus
1157 1315 1243 1400 etc.].
1291 1316 1435 1397 Adparet

207 1419 306 1484 etiam
334 1439 429 1501 quem
460 1421 568 1486 omisit
597 1421 807 1486 Niotzscheus
836 1420 1070 1503 Thrasyllus
1106 1421 1158 1505 [cl.
1183 1422 1290 1488 Laert.
1315 1422 1362 1488 IX
1392 1426 1431 1488 41

205 1528 294 1592 Suid.
317 1547 341 1592 s,
359 1549 387 1593 v.
406 1525 629 1614 Δημόκριτος].
670 1528 773 1606 Quid?
798 1528 1000 1610 quodmodo
1024 1528 1133 1610 paullo
1158 1529 1314 1594 attentius
1338 1550 1433 1613 quarn

203 1634 325 1699 Iactum
361 1639 411 1699 est
445 1654 465 1698 a
499 1634 689 1700 Nietzschco
728 1635 872 1716 inquiras
910 1634 1012 1717 ipsius
1051 1636 1240 1718 omnigenae
1277 1637 1434 1704 historiae

203 1740 411 1824 recuperabis
434 1743 635 1807 memoriam:

294 1850 401 1915 Laert.
426 1850 459 1914 II
484 1853 500 1914 1
526 1849 581 1912 καὶ
605 1851 731 1937 πρῶτος
755 1849 1020 1934 [Anaximander]
1042 1846 1197 1934 γνώμονα
1221 1844 1303 1936 εὗρε,
1326 1851 1435 1918 καθά

203 1973 295 2044 φησι
313 1957 541 2042 Φαβωρῖνος
564 1956 605 2023 ἐν
626 1956 866 2046 παντοδαπῇ
884 1955 1046 2044 ἱστορίᾳ.
1088 1957 1174 2024 Suid.
1193 1977 1216 2023 s,
1236 1979 1265 2028 v.
1284 1957 1432 2040 ...γνώ-

201 2063 292 2147 μονά
314 2063 340 2128 τ’
366 2061 535 2147 εἰσήγαγεν
559 2063 611 2148 [cf.
637 2064 710 2129 adn,
739 2063 825 2147 1⁶22}

294 2170 380 2237 Suid.
407 2191 431 2236 S.
456 2192 486 2238 v,
514 2168 671 2236 Πλάτων·
700 2172 817 2256 ἐτέχθη
847 2171 876 2235 δ’
907 2169 942 2235 ἐν
966 2167 1090 2260 Ἀἰγίνῃ
1123 2170 1160 2236 ἕν
1195 2171 1230 2262 τῇ
1258 2171 1305 2258 πή
1334 2169 1432 2260 ὀλυμ-

203 2277 586 2344 utada=FavorInus
611 2278 733 2362 [Lacrt.
757 2278 806 2342 III
829 2278 873 2362 3].

292 2385 438 2466 Denique
467 2405 694 2466 commemoro,
725 2387 811 2468 quod
834 2385 1021 2450 Aristotelis
1051 2385 1119 2451 vita
1141 2385 1431 2469 Hesychianaa

201 2492 352 2572 Menagio
377 2490 464 2557 edita
487 2493 646 2558 Favorino
671 2497 754 2558 tota
777 2511 876 2574 supra
899 2497 950 2557 est
973 2492 1144 2558 vindicata.

291 2599 339 2662 Ex
361 2599 521 2682 Hesychia
545 2619 645 2665 novas
668 2600 819 2665 Favorini
843 2606 993 2666 auctores
1016 2600 1178 2666 lucramm·
1201 2602 1393 2668 Laertianos

246 2706 401 2772 Phaniam
476 2707 510 2771 11
545 2708 585 2771 65
611 2707 692 2772 conl.
718 2707 818 2773 Suida
919 2707 1235 2794 1.1.Ἀρι’στιππος.

245 2815 457 2897 Phlegontem
479 2815 505 2896 1,
522 2817 582 2879 111
609 2815 843 2900 [Epimenides]
919 2835 943 2880 s.
969 2836 998 2881 u.
1023 2815 1145 2901 Θαλῆς.

246 2922 445 3005 Aristippum
480 2921 508 2986 V
555 2924 574 2986 9
917 2941 942 2987 s.
967 2943 996 2989 v.
1022 2925 1240 3008 Θὲοφραστος.

222 3029 389 3112 Epistulas
431 3028 760 3233 Epimenidis}164.
790 3030 892 3234 lla}
917 3101 932 3146 S
966 3100 986 3145 V

435 3135 579 3201 Cleobuli
669 3136 750 3200 193
934 3133 941 3146 '
988 3132 995 3146 '

287 3243 337 3308 Ad
360 3242 456 3309 finem
479 3244 574 3309 huius
599 3242 828 3325 disputationis
852 3249 1042 3325 perventum
1066 3240 1191 3326 est¹²³).

270 3437 321 3507 123)
338 3437 510 3507 Pythagorae
532 3436 589 3490 vita
607 3436 782 3506 Hesychiana
801 3437 846 3508 [cf.
866 3437 950 3491 schol.
969 3437 1038 3491 Plat.
1057 3453 1115 3505 rep.
1135 3439 1187 3492 600
1199 3439 1231 3490 Β.
1263 3437 1338 3492 Suid.
1358 3455 1379 3491 s.
1399 3456 1424 3492 v.

196 3528 372 3598 Πυθαγόρας]
398 3543 458 3580 cum
476 3525 587 3580 Laertio
607 3526 636 3578 in
653 3526 792 3594 plerisque
811 3526 966 3580 concordat.
1002 3525 1131 3580 Laertius
1150 3526 1242 3580 omisit
1260 3527 1353 3593 ἤκουεν
1371 3533 1425 3601 alto

190 3617 332 3687 Ἀβάριδος
356 3617 400 3669 τοῦ
414 3614 599 3686 Ὺπερβορενόυ
622 3618 669 3668 καὶ
687 3617 808 3686 Ζάρατος
825 3618 870 3670 τοῦ
887 3616 994 3688 μάγον,
1018 3621 1163 3684 praeterea
1181 3612 1195 3682 ἦ
1214 3614 1250 3677 ὥς
1268 3635 1334 3679 τινες
1352 3616 1424 3684 Μνή-

195 3727 303 3778 σαρχος,
322 3703 440 3776 θυγάτηρ
459 3707 586 3773 01111111,
605 3703 619 3770 ἢ
638 3702 673 3767 ὥς
691 3726 758 3766 τινες
773 3704 923 3778 Ἆριγνώιη.
955 3705 1015 3758 ‘Dia
1033 3704 1117 3759 letzte
1135 3705 1210 3758 notia
1229 3704 1337 3775 [Rohda
1355 3723 1423 3761 mus.

196 3796 274 3850 rheu.
293 3795 414 3849 XXXIII
431 3811 459 3863 p.
480 3795 531 3849 205
550 3793 588 3864 1.]
612 3793 649 3847 ist
674 3793 873 3862 eingesehoben
896 3809 945 3847 aus
963 3793 1133 3862 Porphyrius
1153 3812 1177 3848 u.
1196 3795 1277 3864 Pyth.
1297 3794 1313 3864 ξ
1333 3798 1358 3863 4,
1378 3795 1422 3849 die

195 3885 316 3940 anderen
335 3882 446 3937 natizen
463 3890 561 3952 magen
579 3899 628 3937 aus
647 3883 696 3937 der
712 3899 763 3938 uus
778 3883 809 3950 ja
826 3900 879 3938 nur
897 3883 1084 3937 rerstitmmalt
1104 3883 1296 3951 varliegandeu
1316 3884 1373 3936 vita
1391 3886 1421 3939 P.

196 3975 244 4030 des
256 3973 390 4042 Porphyr.
410 3971 541 4026 ebenIalls
560 3972 714 4026 abzuleiten
733 3971 809 4026 sain’.
839 3971 939 4025 Nescio
952 3985 1001 4024 cur
1013 3971 1166 4026 mutilatam
1178 3972 1325 4042 Porphyrii
1339 3973 1421 4027 vitam

195 4069 306 4117 censeat
319 4061 461 4131 Rohdeus;
480 4078 542 4116 nam
562 4062 634 4129 quod
653 4062 728 4116 cadit
746 4062 774 4114 iu
795 4061 866 4116 vitae
885 4060 1011 4115 exitum
1030 4060 1102 4114 idam
1121 4060 1338 4116 transferendum
1356 4079 1420 4117 nau

194 4159 238 4208 est
256 4152 285 4204 iu
304 4151 467 4206 universam.
504 4150 582 4206 Adde
603 4151 675 4219 quod
688 4150 858 4220 Porphyrius
876 4167 931 4205 non
949 4149 982 4204 ab
995 4149 1133 4220 Hesychia
1152 4150 1199 4204 sed
1213 4166 1230 4204 a
1243 4149 1328 4206 Suida
1346 4166 1419 4204 com·

194 4241 304 4310 pilatur.
342 4241 386 4295 Ad
404 4240 551 4309 Porphyrii
577 4239 1099 4310 1111111111111111111[1’11111111]
1125 4239 1148 4294 si
1171 4238 1307 4314 conduma,
1331 4241 1420 4295 amula

193 4330 275 4399 plana
292 4336 355 4386 sunt
373 4334 402 4383 11
420 4329 555 4398 expedita.
