3432 5400
317 507 380 572 100

340 681 468 736 Laertius
486 679 562 743 VIII,
584 683 606 735 1.
644 687 648 778 η
699 680 824 736 Clemens
843 680 943 736 Strom.
991 689 995 778 Ι
1176 680 1353 750 Porphyrius.

660 803 748 876 σίους
807 799 981 866 ἀνθαπτο-

660 911 779 988 μένους
807 913 862 994 τῆς
891 907 981 992 φιλο-

660 1018 779 1100 σοφίας
817 1011 905 1079 ἀλλά
946 1011 981 1077 τὸ

660 1123 722 1204 μὲν
766 1118 900 1206 φάσθαι
943 1119 979 1185 τὸ

660 1224 696 1291 δὲ
764 1232 980 1313 κεκρυμμένον

660 1334 747 1398 είναι
785 1331 868 1416 πρὸς
906 1333 980 1409 τοδς

660 1439 801 1514 πολλοὺς
823 1438 977 1530 ᾐνίσσετο.

313 1531 431 1613 §4sq.
456 1529 491 1595 P.
522 1552 632 1612 μετεμ-
1008 1532 1060 1596 45.
1078 1532 1113 1596 Ρ.
1138 1527 1395 1618 μετεμψιχοίσεις

312 1637 481 1725 mondum.
1101 1638 1340 1703 accuratissime
1364 1636 1534 1720 expositae.

369 1743 632 1826 [Heraclides

285 1849 287 1852 ’
402 1849 631 1934 Ponticus]

313 1975 428 2040 Omnia
449 1974 531 2039 haec
554 1993 593 2039 ex
616 1973 729 2039 eodem
751 1973 930 2056 biographo
954 1980 1105 2056 excerpta
1128 1981 1212 2040 sunt.
1261 1975 1321 2054 Qui
1349 1975 1453 2040 tribus
1474 1975 1539 2039 illis

312 2076 442 2142 Laertio
459 2076 638 2159 Porphyrio
656 2075 814 2140 Clementi
837 2081 968 2158 praesto
992 2075 1089 2141 iuuerit
1112 2096 1210 2141 unum
1226 2082 1295 2143 toto
1312 2077 1540 2159 disputationis

312 2181 448 2245 decursu
479 2179 624 2245 adsecuti
657 2197 766 2244 sumus
794 2179 995 2244 Favorinum.
1048 2179 1224 2244 Probatum
1252 2180 1352 2261 igitur
1381 2185 1431 2245 est
1457 2181 1541 2245 hunc
1634 2221 1637 2226 -

313 2301 352 2346 ex
381 2283 517 2364 placitis·
541 2282 684 2347 delibata
711 2282 787 2347 vitis
811 2282 1029 2348 admiscuisse.
1053 2321 1098 2330 -
1121 2282 1189 2348 lom
1217 2301 1320 2365 pauca
1348 2301 1387 2347 ex
1409 2282 1562 2380 Laertio,

316 2390 350 2449 et
372 2383 551 2466 Porphyrio
574 2385 652 2450 licet
675 2385 841 2466 supplere:

518 2488 688 2543 Laertius.
926 2494 930 2574 η
1132 2489 1355 2559 Porphyrius.

315 2705 483 2790 διαχωρῶν
533 2706 607 2770 οὔτε
657 2704 902 2793 ἀφροδισιάζων
954 2715 1039 2789 χεῖτο
1062 2708 1175 2771 πλεῖον
1192 2703 1268 2771 οὐδ’
1285 2705 1340 2770 ἀπ’
1356 2704 1453 2781 ἀνίας
1470 2724 1541 2769 συν-

316 2813 389 2878 οἷιτε
426 2815 621 2897 μεθυσθείςτ
659 2809 810 2895 ἀπείχετο
847 2813 902 2876 καί
956 2814 1118 2878 surclano
1141 2810 1206 2877 οὔτ’
1233 2813 1384 2899 ἐπίδηλος
1399 2808 1440 2898 ἦν
1455 2811 1540 2897 χαρᾷ

316 2921 453 2999 γέλωτος
491 2920 546 2984 καὶ
583 2921 688 3002 πάσης
726 2917 901 3005 ἀρεσκείας,
956 2917 976 3006 ἢ
1005 2917 1089 3008 λύπη
1116 2917 1263 3002 κάτοχος,
1293 2920 1365 2985 ἀλλ’
1394 2916 1471 2985 οὐδὲ
1492 2944 1541 3001 γε·

316 3027 385 3093 οἷον
406 3026 610 3111 σκωμμάτων
624 3026 679 3090 καὶ
697 3024 903 3112 διηγημάτων
957 3024 1104 3091 λάσαντα
1131 3028 1151 3112 ἢ
1177 3026 1364 3094 κλοιάσαντά
1393 3031 1441 3103 τίς
1472 3026 1541 3090 ποτ’

316 3135 475 3220 φορτικῶν
498 3185 549 3199 ...
956 3133 1079 3200 ἐκείνων
1101 3132 1281 3200 ἐθεάσατο·

957 3239 1053 3308 θύων
1087 3223 1120 3306 τε
1150 3245 1244 3317 θεοῖς
1276 3236 1472 3326 ἀνεπαχθὴς
1502 3229 1542 3324 ἢν

317 3349 453 3422 θυσίαις
474 3346 585 3434 ἐχρῆτο
608 3343 759 3436 ἀψύχοις,
958 3344 1109 3435 ἀλφίτοις
1142 3372 1175 3411 τε
1213 3350 1269 3412 καὶ
1308 3347 1451 3434 ποπάνηι
1487 3349 1540 3410 καὶ

958 3455 1124 3542 λιβανωτῷ
1133 3457 1189 3519 καὶ
1204 3454 1338 3542 μυῤῥίνη
1353 3456 1428 3530 τούς
1443 3450 1541 3528 θεοὺς

318 3558 349 3624 ol
365 3559 402 3623 δέ
415 3575 528 3644 φασιν,
552 3558 599 3625 ὅτι
615 3559 782 3648 ἀλέκτορσι
797 3560 903 3644 μόνον
958 3559 1214 3645 ἐξιλασκόμενος,
1282 3556 1439 3649 ἐμψύχως
1505 3562 1542 3624 δ’

317 3667 372 3729 καὶ
394 3665 519 3751 ἐρίφοις
541 3668 745 3754 γαλαθηνοῖς
767 3678 832 3742 τοῖς
855 3668 904 3732 λε-
958 3665 1079 3753 ἢκιστα,
1102 3668 1189 3754 πλην
1211 3671 1241 3733 εί
1262 3667 1305 3754 μη
1320 3692 1400 3732 ποτε
1416 3666 1541 3731 ἀλεκτο-

316 3777 466 3854 γομένοις
504 3773 682 3857 ἁπαλίαις,
721 3771 834 3860 ἥκιστα
872 3774 901 3837 δ’
959 3779 1023 3860 ρίσι
1039 3774 1094 3838 καὶ
1112 3778 1176 3839 τῶν
1197 3777 1315 3862 χοίρων
1330 3784 1396 3849 τοῖς
1411 3773 1541 3838 ἀπολω-

319 3881 476 3967 ἄρνασιν·
902 3870 905 3874 ’
959 3881 1080 3955 τάτοις·

318 3987 393 4070 §21
421 3987 723 4073 [Aristoxenus]
740 3987 837 4074 φησὶν
853 3986 906 4050 καί
959 3989 1033 4072 §41
1065 3986 1119 4051 καὶ
1149 3989 1223 4052 ἄλλ’
1251 3989 1331 4051 ἅττα
1363 3985 1541 4068 ἐπαίδευεν,

318 4091 357 4156 τά
382 4093 528 4177 δόγματα
551 4096 666 4178 λαβεῖν
690 4091 789 4162 αὐτὸν
811 4091 904 4182 παρά
959 4093 1020 4160 ὅσα
1044 4099 1134 4180 παρὰ
1159 4095 1407 4178 Θεμιστοκλείας
1432 4101 1486 4179 τῆς
1507 4093 1542 4156 ἐν

319 4203 373 4286 τῆς
396 4201 431 4266 ἕν
456 4202 599 4284 Δελφοῖς
623 4202 885 4287 Θεμιστοκλείας·
961 4202 1104 4283 Δελφοῖς
1128 4201 1235 4285 ἔλεγεν
1258 4198 1505 4288 ἀκηκοέναιίωγ

393 4449 443 4522 ¹⁰⁹)
462 4451 504 4504 De
522 4451 633 4519 copiosa
650 4451 813 4519 placitorum
831 4448 1078 4520 Pythagoricorum¹
1095 4447 1200 4520 sylloge
1218 4449 1322 4502 Laertii
1341 4463 1439 4502 vereor
1457 4463 1543 4502 meum
