3420 5408
1368 413 1407 476 71

183 580 232 644 rio
257 578 392 644 haerere
415 580 639 660 suspicionem,
664 583 697 646 in
713 597 808 664 quem
824 565 1021 664 quadrarent
1036 586 1093 650 illa
1108 584 1300 670 egregie²⁷).
1335 589 1409 670 Ipse

185 685 291 751 inveni
314 685 429 768 quibus
453 688 687 769 comprobetur.

272 793 303 858 b.
328 793 458 857 Etenim
481 793 653 860 frustulum
676 795 756 860 illud
779 797 866 861 vitae
890 796 1035 862 Platonis
1059 799 1298 882 Porphyrianac
1324 804 1410 884 apud

187 897 672 982 Oy1·illum[contralulianum
696 903 741 967 Vl
763 922 793 984 p.
821 903 899 987 208]
924 905 1076 969 concinit:

184 1040 263 1123 φησὶ
274 1041 374 1105 δὲκαὶ
386 1047 460 1124 περὶ
470 1038 570 1108 αὐτοῦ
583 1041 821 1130 Πορφύριος·
848 1042 851 1146 l
1018 1065 1050 1127 p.
1077 1049 1107 1125 6,
1130 1049 1173 1111 46
1197 1067 1265 1130 sqq.

181 1199 369 1289 ἐπαιδεύθη
392 1202 427 1267 δὲ
451 1202 627 1269 taturus
651 1202 744 1290 παρὰ
761 1209 822 1288 μὲν
876 1203 1024 1288 &motuque
1047 1205 1077 1268 δ’
1104 1205 1140 1268 ἐν
1155 1202 1261 1291 ἡλικίᾳ
1276 1209 1408 1292 γενόμε-

185 1314 347 1396 Διοννσίιμ
363 1310 547 1395 γράμματα,
570 1313 662 1395 παρὰ
686 1311 717 1374 δ’
738 1307 822 1395 Ἀρί·
875 1333 932 1384 νος
953 1313 1180 1402 γραμματιστῇ
1207 1319 1268 1395 μὲν
1293 1323 1408 1382 Διονυ-

181 1429 280 1480 στωνι
302 1414 465 1504 παλαιστῇ
487 1419 528 1480 τά
554 1419 637 1480 κατὰ
660 1415 717 1501 τὴν
743 1441 821 1499 γνμ-
876 1423 957 1503 σίῳ.
978 1469 985 1481 .
1009 1425 1173 1506 γυμναστῇ
1195 1419 1223 1480 δ’
1240 1415 1408 1506 Ἀρίστωνι

181 1523 346 1606 ναστιιιήν·
369 1529 450 1604 φασὶ
466 1524 501 1588 δὲ
516 1524 571 1587 καὶ
584 1522 721 1607 Ἴσθμια
739 1548 821 1600 τινες
876 1575 927 1589 ...
946 1521 988 1600 ὡς
1011 1523 1141 1590 καὶδύο
1162 1522 1292 1605 ἀγῶνας
1307 1524 1408 1592 αὐτὸν

181 1629 235 1691 καὶ
261 1628 377 1694 Πύθια
400 1637 526 1714 νικῆσαι
550 1626 661 1697 airon.
875 1631 1002 1714 νικῆσαι
1024 1628 1151 1715 affl).

271 1774 297 1819 c.
322 1754 490 1820 Postremo
524 1773 595 1819 cum
629 1754 708 1820 baec
743 1756 783 1820 dc
811 1757 955 1820 Platonis
990 1756 1194 1821 institutione
1224 1757 1275 1839 [cf.
1309 1776 1407 1839 supra

178 1881 210 1942 p.
239 1861 295 1945 61]
324 1861 468 1925 narratio
496 1867 564 1925 tum
599 1864 685 1926 vitae
712 1863 918 1944 Pythagorae
949 1863 1120 1944 Porphyrii
1148 1863 1233 1928 bona
1262 1883 1339 1945 pars
1368 1883 1407 1928 cx

179 1969 303 2032 Laertii
327 1968 504 2050 biographo
531 1969 655 2048 petitae
679 1973 763 2033 sunt.
790 2005 832 2014 -
855 1969 1026 2053 Porphyrii
1049 1971 1149 2052 igitur
1171 1973 1238 2036 vita
1261 1972 1406 2036 Platonis

178 2093 283 2156 paene
312 2076 376 2140 iarn
405 2079 514 2157 potest
541 2075 680 2140 restitui.
740 2075 807 2139 Nec
834 2081 943 2141 tamen
973 2077 1220 2159 Olympiodorus
1253 2077 1320 2142 illic
1347 2097 1405 2142 nec

178 2184 364 2265 Anonymus
388 2184 570 2248 uniuersam
594 2184 849 2264 complectuntur
873 2183 976 2248 vitam
995 2183 1259 2266 Porphyrianam.
1299 2185 1405 2250 Unum

178 2291 393 2372 supplendum
428 2295 478 2356 est
513 2310 552 2354 ex
583 2289 804 2372 Olympiodori
839 2290 970 2355 scholiis
1005 2291 1037 2354 in
1073 2290 1219 2354 Platonis
1250 2292 1404 2372 Gorgiam

178 2399 309 2479 scriptis
333 2416 371 2461 ex
395 2396 581 2462 defensione
606 2401 718 2462 contra
733 2396 909 2460 Aristidem
933 2396 1098 2460 rhetorem
1123 2395 1174 2479 [cf.
1192 2398 1303 2461 Jahnii
1327 2418 1400 2464 ann.

179 2505 284 2586 suppl.
310 2505 384 2568 XIV
408 2505 525 2587 (1848)
549 2524 580 2586 p.
606 2505 671 2568 392
696 2501 794 2590 sqq.]:
820 2502 854 2567 id
878 2503 964 2584 quod
988 2522 1045 2566 suo
1068 2503 1139 2567 loco
1163 2520 1351 2585 proponam.

268 2613 298 2674 2.
324 2611 358 2676 Si
381 2612 414 2675 in
438 2595 609 2692 Porphyrii
632 2611 827 2690 auctoritate
851 2609 1157 2691 conquiesceremus,
1182 2630 1245 2675 non
1267 2611 1404 2676 multum

176 2716 434 2799 profecissemus,
485 2717 567 2782 Nam
591 2737 630 2782 ex
655 2737 717 2800 quo
741 2719 770 2782 J.
791 2717 987 2799 Bernaysius
1016 2717 1049 2781 in
1072 2717 1157 2782 libro
1180 2717 1253 2802 περὶ
1276 2715 1404 2802 ἀποχῆς

176 2821 334 2909 ἐμψύχων
362 2824 534 2906 Porphyrii
573 2825 794 2889 conscribendi
829 2827 990 2890 rationem
1025 2824 1272 2905 demonstravit,
1308 2845 1402 2891 nemo

175 2931 338 2996 dubitabit
361 2933 438 3014 quin
462 2937 595 3012 excepto
620 2950 735 3013 sapore
758 2932 814 2996 illo
838 2932 1063 3012 necplatouico
1087 2931 1168 2995 nihil
1191 2932 1261 3013 ipse
1284 2933 1401 2998 nedum

174 3044 243 3103 tam
266 3039 452 3104 reconditae
476 3039 642 3103 doctrinae
666 3039 841 3118 specimina
865 3038 1104 3118 constipaverit.

264 3148 331 3212 Iam
355 3165 431 3212 vero
449 3147 609 3212 consentit
631 3146 820 3228 plerumque
838 3165 908 3210 cum
925 3145 1056 3210 Laertio
1078 3149 1111 3209 et
1126 3145 1273 3227 Apuleio.
1315 3147 1400 3224 Quos

251 3324 285 3394 ⁷⁷)
304 3323 508 3378 Commentatus
531 3329 573 3376 est
591 3322 761 3391 Porphyrius
785 3328 814 3376 et
837 3322 978 3376 Timaeum
1002 3327 1030 3375 et
1054 3322 1269 3392 Metaphysicam
1296 3323 1400 3392 [Zeller

172 3413 213 3468 72
230 3430 257 3482 p.
270 3413 342 3484 5771.
363 3443 395 3452 —
415 3412 562 3482 Porphyrii
581 3412 706 3480 isagogae
727 3418 809 3480 caput
823 3409 864 3463 III
877 3410 1087 3480 olympiodorus
1099 3427 1161 3466 eum
1174 3411 1396 3481 Meteorologiam

171 3503 334 3556 inlustraret
351 3501 556 3556 Aristotelicam
575 3501 697 3569 respexit
717 3500 763 3571 [cl.
782 3501 873 3554 Zeller
891 3501 929 3555 72
948 3516 973 3568 p.
987 3503 1047 3556 577.
1068 3501 1143 3569 772].

245 3589 281 3659 ⁷⁸)
303 3592 397 3647 ‘Addit
416 3589 582 3660 Anonymus’
602 3588 741 3661 *Ὀλύμπια
760 3611 787 3644 τε
806 3593 853 3642 καὶ
868 3589 973 3661 Νέμεα.
1004 3589 1080 3644 Haec
1097 3589 1164 3643 mihi
1181 3589 1250 3645 falsa
1261 3591 1397 3646 videntur.

386 3680 553 3749 Apuleius
571 3679 642 3734 enim
661 3679 746 3734 habet
770 3678 899 3734 ‘Isthmia
916 3686 945 3732 et
963 3678 1070 3747 Pythia‘

385 3768 550 3826 Laertius
769 3768 903 3823 ‘Isthmia'
925 3769 972 3840 [ex
990 3767 1173 3838 Dicaearcho]

384 3858 599 3928 Porphyrius
768 3857 896 3912 ‘Isthmia
913 3861 942 3910 et
960 3854 1077 3924 Pythia’.

171 3948 271 4006 Omnes
288 3947 318 4000 hi
337 3947 380 4001 usi
404 3953 468 4002 sunt
488 3948 583 4003 eodem
601 3947 752 4016 biographo
774 3947 815 4016 [id
834 3947 907 4015 quod
926 3946 960 4000 de
980 3945 1133 4017 Porphyrio
1151 3944 1267 4012 posthac
1284 3944 1394 3999 demon·

170 4037 265 4092 strabo
282 4053 309 4106 p¹
328 4039 391 4107 75]:
415 4053 481 4106 ergo
503 4036 550 4090 ille
574 4036 690 4091 Isthmia
713 4041 742 4089 et
759 4035 866 4106 lethia
888 4034 1056 4103 prodiderat.
1097 4033 1218 4100 Cumque
1237 4033 1395 4102 Anonymus
1512 4075 1513 4078 η

170 4127 255 4182 addat
273 4126 339 4180 ‘dio
358 4127 467 4197 ἀγῶνας
485 4125 589 4192 νικῆσαι
601 4125 689 4180 αὐτόν’
707 4125 775 4179 mihi
794 4125 904 4193 quidem
919 4125 1043 4194 Olympia
1061 4129 1089 4177 et
1101 4123 1205 4178 Nemea
1216 4122 1394 4189 improbanda

170 4216 313 4286 videntum
333 4221 396 4270 sunt
414 4215 588 4284 interpolata,
607 4214 661 4270 nisi
678 4214 820 4270 libidinem
838 4214 975 4284 Anonymi
994 4214 1119 4268 incusare
1137 4211 1304 4281 praeplacet.
