3420 5408
353 479 396 546 34

350 657 398 722 ita
432 654 591 738 delinivit,
626 660 663 722 ut
696 655 782 722 inter
816 655 976 722 Zenonem
1008 655 1166 722 medicum
1195 655 1427 737 Herophileum
1451 655 1491 740 [c.
1520 657 1589 722 130

352 782 382 830 a.
407 763 479 830 Ohr.
505 763 551 848 n]
586 767 620 830 et
653 761 880 844 philosophum
910 761 1072 828 Ciceronis
1106 762 1311 844 magistrum,
1347 763 1462 846 quibus
1496 763 1589 845 apud

349 871 515 937 Laertium
544 874 595 936 est
622 870 848 952 interpositus
885 870 1081 936 conlocaret:
1112 887 1184 936 esse
1213 870 1298 936 enim
1327 870 1369 936 ad
1402 876 1587 953 temporum

349 979 508 1044 rationem
531 977 653 1044 indices
676 975 940 1058 homonymorum
963 977 1155 1043 Laertianos
1179 976 1429 1042 acommodatos.
1467 975 1586 1040 Eidem

348 1086 449 1168 igitur
465 1085 605 1168 tempori
617 1084 784 1152 Seleucum
800 1083 960 1151 attribuit.
997 1084 1107 1150 Staret
1123 1084 1296 1164 conclusio,
1313 1083 1389 1148 dum
1402 1083 1587 1164 praemissa

349 1197 459 1258 essent
487 1211 573 1258 vera.
621 1191 758 1256 Etiamsi
786 1209 862 1257 vero
891 1192 947 1257 isti
972 1190 1140 1257 Schmidtii
1165 1191 1308 1273 opinioni
1331 1209 1396 1256 non
1420 1189 1586 1256 defuerint

347 1300 535 1366 laudatores
551 1304 660 1366 tamen
671 1298 727 1381 qui
743 1316 813 1362 eam
826 1297 1004 1364 firmaverit
1020 1317 1079 1381 ego
1096 1298 1171 1364 novi
1186 1297 1355 1364 neminem.
1380 1296 1481 1362 Imrno
1494 1297 1583 1362 omni

349 1408 476 1473 omnino
491 1407 613 1487 ordine,
627 1406 659 1472 id
669 1404 898 1486 quodposthac
906 1405 1075 1470 ostendam
1087 1405 1251 1488 exemplis,
1265 1404 1314 1470 illi
1322 1404 1445 1470 indices
1458 1410 1582 1470 carent.

439 1515 583 1580 Tertium
622 1511 816 1578 Schmidtius
855 1529 998 1576 errorem
1042 1510 1076 1574 in
1117 1510 1371 1592 interpretandis
1412 1511 1583 1578 Strabonis

347 1622 454 1688 verbis
471 1620 630 1688 commisit
644 1619 661 1684 Ι
676 1638 706 1700 p.
725 1620 783 1682 41:
800 1617 915 1701 Ζήνων
931 1614 949 1681 ὁ
967 1615 1115 1702 ἡμέτερος
1135 1617 1254 1702 γράφει
1270 1615 1386 1694 οὕτως·
1404 1618 1583 1694 Ἆίθίοποίς

347 1729 383 1791 θ’
410 1727 527 1812 ίκόμην
555 1731 609 1790 καὶ
633 1724 802 1799 Σιδονίους
822 1721 970 1810 Ἀραβοίς
998 1724 1049 1788 cc’.
1097 1723 1170 1790 Non
1195 1724 1336 1792 Stoicum
1364 1730 1402 1791 ut
1425 1723 1581 1790 Lehrsius

349 1834 404 1920 [de
427 1836 482 1902 Ar.
508 1833 592 1900 stud.
616 1833 701 1898 hom.
726 1852 756 1914 p.
783 1831 861 1916 240]
893 1831 985 1913 tangi
1009 1833 1176 1897 contendit
1199 1832 1256 1898 sed
1280 1832 1406 1900 Seleuci
1428 1833 1581 1898 edversa-

347 1943 446 2023 rium,
470 1942 615 2024 quamvis
638 1939 748 2019 facile,
772 1939 867 2004 modo
892 1937 1082 2004 Strabonem
1098 1938 1159 2004 VH
1173 1959 1205 2020 p.
1224 1942 1288 2004 299
1306 1958 1326 2004 a
1341 1938 1476 2005 Lehrsio
1499 1939 1580 2005 cita-

348 2055 418 2116 tum
440 2049 651 2131 inspexisset,
676 2044 892 2128 significatum
914 2045 1051 2112 vidisset
1073 2045 1309 2129 philosophum.
1349 2045 1401 2112 Ita
1423 2047 1510 2112 enim
1533 2083 1580 2092 -

349 2175 388 2222 ex
410 2156 607 2238 Apollodoro
633 2192 672 2201 —
699 2153 830 2220 Strabo:
856 2201 885 2220 ..
902 2203 931 2220 ..
956 2154 986 2216 el
1007 2153 1050 2237 μὴ
1066 2153 1194 2236 Ζήνωνι
1216 2156 1260 2240 τῷ
1285 2150 1457 2239 φιλοσδηῳ
1478 2169 1578 2238 προσ-

346 2267 453 2328 τκτέον
475 2261 651 2350 γράφοντι·
684 2258 868 2336 ιΛίδίοιτοίς
890 2261 927 2326 θ’
955 2256 1071 2344 ἱκόμην
1094 2265 1148 2324 καὶ
1170 2260 1339 2336 Σιδονίους
1352 2258 1499 2345 Ἄραβας
1521 2259 1577 2324 τέ’.

346 2370 461 2436 Actum
490 2371 590 2452 igitur
614 2370 654 2434 de
684 2368 852 2436 Schmidtii
880 2367 1170 2449 argumentatione.
1200 2405 1239 2414 -
1270 2367 1337 2434 Alii
1371 2385 1411 2432 ex
1446 2366 1578 2432 scholiis

346 2477 517 2543 homericis
552 2482 627 2542 ante
661 2476 832 2558 Didymum
857 2475 1025 2541 Scleuomn
1052 2475 1170 2540 vixisse
1196 2476 1376 2541 desumunt.
1434 2474 1577 2552 Quorum

346 2584 572 2652 adnotationes
596 2620 638 2628 -
661 2583 902 2666 praetermissis
924 2590 959 2648 A
984 2585 1046 2646 211
1077 2585 1107 2646 Γ
1126 2582 1167 2646 57
1201 2583 1298 2666 133,
1323 2600 1405 2665 quae
1435 2601 1506 2648 curn
1535 2583 1577 2646 de

345 2691 604 2773 interpunctione
628 2691 707 2770 sint,
738 2689 896 2755 debentur
919 2688 1072 2754 Nicanori
1099 2725 1143 2736 -
1167 2689 1336 2772 adponam,
1360 2694 1397 2756 ut
1420 2690 1498 2772 quid
1520 2707 1576 2755 va-

344 2800 434 2866 leant
456 2804 545 2864 recte
569 2803 602 2864 et
624 2798 754 2879 penitus
782 2797 985 2878 dispiciatur:

385 2915 417 2972 A
444 2907 507 2971 381
534 2900 691 2979 Σέλευκός
713 2919 813 2990 φησιν
835 2902 871 2969 έν
894 2909 929 2992 τῇ
953 2907 1083 2990 Κυπρία
1106 2903 1162 2967 καί
1183 2904 1338 2994 Κρητικῇ·
1363 2901 1444 2968 ιἐπεί
1471 2901 1513 2990 ῥά
1536 2900 1575 2968 νύ

345 3011 377 3078 οἱ
399 3013 494 3099 φίλος
516 3008 592 3096 ηἐν’.

388 3127 423 3185 A
447 3121 512 3186 340
540 3103 693 3204 ἆπηνέος·
724 3117 879 3194 Σέλευκος
912 3119 946 3182 ἐν
973 3117 1011 3208 τῇ
1038 3117 1217 3204 πολοστίχῳ
1249 3114 1366 3204 γράφει
1395 3111 1575 3191 ιἀναιδέοξ·

344 3222 542 3312 εδεπίφορον
576 3224 639 3312 γὰρ
673 3227 756 3290 εἶναι
789 3222 848 3290 τὸν
870 3219 1028 3305 Ἀχιλλέα
1056 3225 1101 3298 είς
1134 3222 1169 3288 τὸ
1207 3220 1351 3310 ‘decada'
1377 3223 1491 3289 καλεῖν
1517 3223 1576 3288 τὸν

338 3328 582 3416 Ἀγαμέμνονα.
628 3332 666 3398 In
690 3332 758 3398 solo
781 3328 1028 3414 Victoriano³¹⁸)
1056 3331 1220 3412 leguntur:

388 3442 506 3506 [1272
531 3445 585 3504 καὶ
608 3436 790 3522 ἀγχέμαχοι
805 3439 1021 3524 θεράποντες·
1046 3433 1115 3502 οἷ’πδ
1139 3443 1248 3504 κοινοῦ
1271 3434 1306 3501 τὸ
1329 3438 1407 3522 (μέγ’
1430 3433 1573 3523 ἄριστοί·

342 3546 497 3622 Σέλευκος
520 3547 551 3610 δ’
574 3543 702 3612 ἀθετεῖ·

389 3661 424 3718 Π
445 3656 509 3721 807
538 3652 635 3740 δηλοῖ
655 3650 714 3720 οὖν
736 3652 802 3718 τῶν
825 3652 961 3734 σχεδίαν
984 3649 1025 3728 ὡς
1047 3649 1115 3718 ιτὸν
1138 3651 1174 3716 δὲ
1197 3649 1314 3731 σχεδδν
1341 3649 1417 3734 ἄορι
1444 3646 1573 3737 τύψας·

283 3751 291 3776 λ
342 3760 497 3836 Σέλευκος
512 3762 551 3826 δέ
565 3779 662 3848 φησιν
678 3756 715 3825 οὗ
734 3759 904 3826 δύνασθαι
920 3759 1034 3843 σχεδὸν
1048 3757 1167 3844 βάλειί.
1200 3758 1292 3823 Licet
1307 3776 1371 3822 non
1392 3757 1574 3822 nominetur

343 3869 510 3951 Didymus
535 3873 643 3935 tamen
666 3869 694 3934 si
718 3868 760 3935 ad
783 3886 894 3935 eorum
917 3868 1086 3947 rationem,
1111 3867 1166 3950 qui
1180 3870 1312 3948 praeter
1332 3863 1573 3946 quattuorviros

342 3977 422 4041 nulli
460 3978 741 4059 grammaticorum
779 3977 813 4040 in
851 3981 996 4042 veterum
1034 3974 1228 4039 scholiorum
1267 3990 1421 4055 compage
1465 3971 1574 4036 sedem

343 4084 535 4166 concedunt,
566 4084 646 4150 haec
675 4085 876 4166 exigeremus
900 4082 1059 4164 exempla,
1084 4081 1221 4164 Didymo
1246 4097 1389 4145 essemus
1413 4077 1571 4142 contenti:

343 4191 382 4256 de
406 4191 511 4256 tribus
536 4191 621 4256 enirn
645 4191 761 4257 ceteris
784 4190 857 4272 quis
881 4189 1060 4270 cogitabit?
1099 4188 1142 4253 At
1165 4192 1254 4253 caret
1276 4187 1333 4251 illa
1356 4185 1451 4250 iustis
1469 4183 1573 4250 causis

413 4331 463 4396 ³¹⁵)
485 4331 526 4386 De
546 4330 599 4386 fide
618 4328 773 4385 victoriani
792 4334 889 4384 contra
900 4328 1046 4384 Lehrsium
1065 4327 1112 4398 [de
1125 4327 1175 4382 Ar.
1194 4327 1267 4384 stud.
1286 4325 1371 4382 hom¹
1389 4342 1416 4396 p.
1430 4325 1478 4394 38]
1499 4329 1573 4380 recte

342 4419 495 4488 disputarit
514 4420 565 4475 Th.
584 4418 739 4475 Beccardus
757 4435 784 4489 p.
804 4420 839 4476 84
858 4433 917 4488 sqq.
