<?xml version="1.0" encoding="UTF-8"?>
<!DOCTYPE html PUBLIC "-//W3C//DTD XHTML 1.0 Transitional//EN"
    "http://www.w3.org/TR/xhtml1/DTD/xhtml1-transitional.dtd">
<html xmlns="http://www.w3.org/1999/xhtml" xml:lang="en" lang="en">
 <head>
  <title>
</title>
<meta http-equiv="Content-Type" content="text/html;charset=utf-8" />
  <meta name='ocr-system' content='tesseract 3.04.00' />
  <meta name='ocr-capabilities' content='ocr_page ocr_carea ocr_par ocr_line ocrx_word'/>
</head>
<body>
  <div class='ocr_page' id='page_1' title='image "./debiographisgra01maasgoog_0064.png"; bbox 0 0 3420 5408; ppageno 0'>
   <div class='ocr_carea' id='block_1_1' title="bbox 1264 475 1366 577">
    <p class='ocr_par' dir='ltr' id='par_1_1' title="bbox 1264 475 1366 577">
     <span class='ocr_line' id='line_1_1' title="bbox 1264 475 1366 577; baseline 0 -37"><span class='ocrx_word' id='word_1_1' title='bbox 1264 475 1366 577; x_wconf 12' lang='lat' dir='ltr'>los</span> 
     </span>
    </p>
   </div>
   <div class='ocr_carea' id='block_1_2' title="bbox 139 643 1463 3747">
    <p class='ocr_par' dir='ltr' id='par_1_2' title="bbox 140 643 1463 2558">
     <span class='ocr_line' id='line_1_2' title="bbox 144 643 1368 738; baseline 0.002 -22"><span class='ocrx_word' id='word_1_2' title='bbox 144 645 265 738; x_wconf 84' lang='lat' dir='ltr'>[semel]</span> <span class='ocrx_word' id='word_1_3' title='bbox 282 647 412 714; x_wconf 88' lang='lat' dir='ltr'>Polemo</span> <span class='ocrx_word' id='word_1_4' title='bbox 430 643 552 734; x_wconf 79' lang='lat' dir='ltr'>[semel]</span> <span class='ocrx_word' id='word_1_5' title='bbox 563 647 717 714; x_wconf 82' lang='lat' dir='ltr'>Seleucus</span> <span class='ocrx_word' id='word_1_6' title='bbox 736 645 855 736; x_wconf 86' lang='lat' dir='ltr'>[semel]</span> <span class='ocrx_word' id='word_1_7' title='bbox 866 645 908 730; x_wconf 70' lang='grc'>64)</span> <span class='ocrx_word' id='word_1_8' title='bbox 926 651 1368 732; x_wconf 44' lang='lat' dir='ltr'>suntremotiores.,1110rum</span> 
     </span>
     <span class='ocr_line' id='line_1_3' title="bbox 143 756 1368 839; baseline 0.002 -16"><span class='ocrx_word' id='word_1_9' title='bbox 143 759 206 823; x_wconf 90' lang='lat' dir='ltr'>etsi</span> <span class='ocrx_word' id='word_1_10' title='bbox 229 756 406 839; x_wconf 88' lang='lat' dir='ltr'>probabilis</span> <span class='ocrx_word' id='word_1_11' title='bbox 430 760 546 821; x_wconf 68' lang='lat' dir='ltr'>&#39;tamen</span> <span class='ocrx_word' id='word_1_12' title='bbox 573 775 638 821; x_wconf 87' lang='lat' dir='ltr'>non</span> <span class='ocrx_word' id='word_1_13' title='bbox 667 761 755 824; x_wconf 85' lang='lat' dir='ltr'>certa</span> <span class='ocrx_word' id='word_1_14' title='bbox 773 761 835 821; x_wconf 64' lang='lat' dir='ltr'>‘est</span> <span class='ocrx_word' id='word_1_15' title='bbox 864 757 971 836; x_wconf 83' lang='lat' dir='ltr'>sedes:</span> <span class='ocrx_word' id='word_1_16' title='bbox 1003 777 1059 822; x_wconf 91' lang='lat' dir='ltr'>cur</span> <span class='ocrx_word' id='word_1_17' title='bbox 1088 759 1173 838; x_wconf 90' lang='lat' dir='ltr'>enim</span> <span class='ocrx_word' id='word_1_18' title='bbox 1197 777 1261 824; x_wconf 91' lang='lat' dir='ltr'>non</span> <span class='ocrx_word' id='word_1_19' title='bbox 1285 759 1368 826; x_wconf 87' lang='lat' dir='ltr'>alius</span> 
     </span>
     <span class='ocr_line' id='line_1_4' title="bbox 142 864 1369 948; baseline 0 -16"><span class='ocrx_word' id='word_1_20' title='bbox 142 867 231 932; x_wconf 88' lang='lat' dir='ltr'>velut</span> <span class='ocrx_word' id='word_1_21' title='bbox 254 864 383 930; x_wconf 90' lang='lat' dir='ltr'>Diocles</span> <span class='ocrx_word' id='word_1_22' title='bbox 406 882 547 928; x_wconf 89' lang='lat' dir='ltr'>-nam</span> <span class='ocrx_word' id='word_1_23' title='bbox 571 868 758 945; x_wconf 90' lang='lat' dir='ltr'>quantum</span> <span class='ocrx_word' id='word_1_24' title='bbox 780 865 886 930; x_wconf 83' lang='lat' dir='ltr'>Diocli</span> <span class='ocrx_word' id='word_1_25' title='bbox 914 865 1071 931; x_wconf 83' lang='lat' dir='ltr'>debeatur</span> <span class='ocrx_word' id='word_1_26' title='bbox 1098 865 1238 932; x_wconf 90' lang='lat' dir='ltr'>nondum</span> <span class='ocrx_word' id='word_1_27' title='bbox 1266 867 1369 948; x_wconf 91' lang='lat' dir='ltr'>liquet</span> 
     </span>
     <span class='ocr_line' id='line_1_5' title="bbox 144 971 1368 1062; baseline 0 -24"><span class='ocrx_word' id='word_1_28' title='bbox 144 1011 186 1021; x_wconf 88' lang='lat'>-</span> <span class='ocrx_word' id='word_1_29' title='bbox 211 972 448 1062; x_wconf 85' lang='lat' dir='ltr'>cosantestari</span> <span class='ocrx_word' id='word_1_30' title='bbox 470 971 598 1053; x_wconf 82' lang='lat' dir='ltr'>potuit?</span> <span class='ocrx_word' id='word_1_31' title='bbox 643 972 686 1036; x_wconf 95' lang='lat' dir='ltr'>Hi</span> <span class='ocrx_word' id='word_1_32' title='bbox 710 973 859 1056; x_wconf 89' lang='lat' dir='ltr'>quotiens</span> <span class='ocrx_word' id='word_1_33' title='bbox 883 973 968 1053; x_wconf 91' lang='lat' dir='ltr'>apud</span> <span class='ocrx_word' id='word_1_34' title='bbox 993 973 1158 1038; x_wconf 91' lang='lat' dir='ltr'>Laertium</span> <span class='ocrx_word' id='word_1_35' title='bbox 1182 978 1368 1055; x_wconf 85' lang='lat' dir='ltr'>comparent</span> 
     </span>
     <span class='ocr_line' id='line_1_6' title="bbox 142 1079 1365 1164; baseline 0.001 -18"><span class='ocrx_word' id='word_1_36' title='bbox 142 1083 184 1148; x_wconf 93' lang='lat' dir='ltr'>ad</span> <span class='ocrx_word' id='word_1_37' title='bbox 208 1081 347 1146; x_wconf 90' lang='lat' dir='ltr'>indicum</span> <span class='ocrx_word' id='word_1_38' title='bbox 371 1080 568 1162; x_wconf 89' lang='lat' dir='ltr'>scriptorem·</span> <span class='ocrx_word' id='word_1_39' title='bbox 586 1079 654 1145; x_wconf 87' lang='lat' dir='ltr'>siue</span> <span class='ocrx_word' id='word_1_40' title='bbox 678 1079 871 1146; x_wconf 89' lang='lat' dir='ltr'>temeritatis</span> <span class='ocrx_word' id='word_1_41' title='bbox 897 1080 1028 1146; x_wconf 90' lang='lat' dir='ltr'>crimine</span> <span class='ocrx_word' id='word_1_42' title='bbox 1052 1079 1166 1146; x_wconf 90' lang='lat' dir='ltr'>referri</span> <span class='ocrx_word' id='word_1_43' title='bbox 1190 1086 1365 1164; x_wconf 90' lang='lat' dir='ltr'>possunt.</span> 
     </span>
     <span class='ocr_line' id='line_1_7' title="bbox 141 1186 1368 1271; baseline -0.001 -16"><span class='ocrx_word' id='word_1_44' title='bbox 141 1189 265 1256; x_wconf 86' lang='lat' dir='ltr'>Vereor</span> <span class='ocrx_word' id='word_1_45' title='bbox 288 1194 406 1268; x_wconf 90' lang='lat' dir='ltr'>tamen,</span> <span class='ocrx_word' id='word_1_46' title='bbox 431 1206 471 1253; x_wconf 93' lang='lat' dir='ltr'>ne</span> <span class='ocrx_word' id='word_1_47' title='bbox 495 1207 609 1269; x_wconf 92' lang='lat' dir='ltr'>parum</span> <span class='ocrx_word' id='word_1_48' title='bbox 633 1188 680 1252; x_wconf 92' lang='lat' dir='ltr'>ita</span> <span class='ocrx_word' id='word_1_49' title='bbox 702 1186 921 1269; x_wconf 91' lang='lat' dir='ltr'>proficiamus:</span> <span class='ocrx_word' id='word_1_50' title='bbox 951 1189 1023 1254; x_wconf 87' lang='lat' dir='ltr'>vide</span> <span class='ocrx_word' id='word_1_51' title='bbox 1045 1189 1140 1254; x_wconf 91' lang='lat' dir='ltr'>modo</span> <span class='ocrx_word' id='word_1_52' title='bbox 1164 1207 1246 1271; x_wconf 91' lang='lat' dir='ltr'>quae</span> <span class='ocrx_word' id='word_1_53' title='bbox 1270 1207 1368 1270; x_wconf 88' lang='lat' dir='ltr'>supra</span> 
     </span>
     <span class='ocr_line' id='line_1_8' title="bbox 142 1295 1367 1379; baseline -0.003 -15"><span class='ocrx_word' id='word_1_54' title='bbox 142 1298 405 1379; x_wconf 87' lang='lat' dir='ltr'>computavimus.</span> <span class='ocrx_word' id='word_1_55' title='bbox 445 1295 536 1370; x_wconf 86' lang='lat' dir='ltr'>Nova</span> <span class='ocrx_word' id='word_1_56' title='bbox 553 1296 769 1377; x_wconf 87' lang='lat' dir='ltr'>comperiendi</span> <span class='ocrx_word' id='word_1_57' title='bbox 793 1313 866 1378; x_wconf 89' lang='lat' dir='ltr'>spes</span> <span class='ocrx_word' id='word_1_58' title='bbox 883 1300 939 1361; x_wconf 90' lang='lat' dir='ltr'>aut</span> <span class='ocrx_word' id='word_1_59' title='bbox 957 1296 1134 1376; x_wconf 89' lang='lat' dir='ltr'>abicienda,</span> <span class='ocrx_word' id='word_1_60' title='bbox 1159 1299 1215 1362; x_wconf 92' lang='lat' dir='ltr'>aut</span> <span class='ocrx_word' id='word_1_61' title='bbox 1232 1295 1367 1361; x_wconf 90' lang='lat' dir='ltr'>alteram</span> 
     </span>
     <span class='ocr_line' id='line_1_9' title="bbox 141 1389 1368 1494; baseline -0.002 -24"><span class='ocrx_word' id='word_1_62' title='bbox 141 1389 361 1494; x_wconf 83' lang='lat' dir='ltr'>ingrediamur</span> <span class='ocrx_word' id='word_1_63' title='bbox 388 1404 547 1472; x_wconf 90' lang='lat' dir='ltr'>rationem</span> <span class='ocrx_word' id='word_1_64' title='bbox 571 1407 709 1485; x_wconf 91' lang='lat' dir='ltr'>oportet.</span> <span class='ocrx_word' id='word_1_65' title='bbox 756 1403 908 1485; x_wconf 83' lang='lat' dir='ltr'>Aperiam</span> <span class='ocrx_word' id='word_1_66' title='bbox 938 1404 1083 1486; x_wconf 91' lang='lat' dir='ltr'>exemplo</span> <span class='ocrx_word' id='word_1_67' title='bbox 1099 1418 1176 1487; x_wconf 54' lang='lat' dir='ltr'>*qua</span> <span class='ocrx_word' id='word_1_68' title='bbox 1204 1405 1237 1470; x_wconf 92' lang='lat' dir='ltr'>in</span> <span class='ocrx_word' id='word_1_69' title='bbox 1261 1405 1368 1470; x_wconf 72' lang='lat' dir='ltr'>condi·</span> 
     </span>
     <span class='ocr_line' id='line_1_10' title="bbox 142 1511 1368 1606; baseline -0.002 -28"><span class='ocrx_word' id='word_1_70' title='bbox 142 1513 233 1579; x_wconf 91' lang='lat' dir='ltr'>cione</span> <span class='ocrx_word' id='word_1_71' title='bbox 248 1531 309 1606; x_wconf 61' lang='lat' dir='ltr'>⁸res</span> <span class='ocrx_word' id='word_1_72' title='bbox 332 1515 489 1582; x_wconf 79' lang='lat' dir='ltr'>versetur.</span> <span class='ocrx_word' id='word_1_73' title='bbox 527 1511 672 1576; x_wconf 89' lang='lat' dir='ltr'>Platonis</span> <span class='ocrx_word' id='word_1_74' title='bbox 696 1511 763 1577; x_wconf 86' lang='lat' dir='ltr'>vita</span> <span class='ocrx_word' id='word_1_75' title='bbox 779 1513 902 1577; x_wconf 91' lang='lat' dir='ltr'>Laertii</span> <span class='ocrx_word' id='word_1_76' title='bbox 922 1513 1062 1578; x_wconf 88' lang='lat' dir='ltr'>omnium</span> <span class='ocrx_word' id='word_1_77' title='bbox 1086 1516 1244 1595; x_wconf 90' lang='lat' dir='ltr'>quotquot</span> <span class='ocrx_word' id='word_1_78' title='bbox 1268 1513 1368 1594; x_wconf 91' lang='lat' dir='ltr'>scrip-</span> 
     </span>
     <span class='ocr_line' id='line_1_11' title="bbox 141 1619 1368 1706; baseline -0.001 -21"><span class='ocrx_word' id='word_1_79' title='bbox 141 1621 185 1686; x_wconf 86' lang='lat' dir='ltr'>sit</span> <span class='ocrx_word' id='word_1_80' title='bbox 200 1639 301 1702; x_wconf 91' lang='lat' dir='ltr'>paene</span> <span class='ocrx_word' id='word_1_81' title='bbox 319 1623 369 1684; x_wconf 90' lang='lat' dir='ltr'>est</span> <span class='ocrx_word' id='word_1_82' title='bbox 391 1619 584 1684; x_wconf 90' lang='lat' dir='ltr'>doctissima.</span> <span class='ocrx_word' id='word_1_83' title='bbox 624 1619 673 1684; x_wconf 91' lang='lat' dir='ltr'>De</span> <span class='ocrx_word' id='word_1_84' title='bbox 697 1619 785 1685; x_wconf 88' lang='lat' dir='ltr'>fonte</span> <span class='ocrx_word' id='word_1_85' title='bbox 806 1621 870 1704; x_wconf 87' lang='lat' dir='ltr'>[vel</span> <span class='ocrx_word' id='word_1_86' title='bbox 894 1619 1051 1706; x_wconf 85' lang='lat' dir='ltr'>fontibus]</span> <span class='ocrx_word' id='word_1_87' title='bbox 1075 1620 1228 1702; x_wconf 91' lang='lat' dir='ltr'>primario</span> <span class='ocrx_word' id='word_1_88' title='bbox 1244 1620 1368 1686; x_wconf 91' lang='lat' dir='ltr'>indubii</span> 
     </span>
     <span class='ocr_line' id='line_1_12' title="bbox 140 1726 1367 1811; baseline 0 -19"><span class='ocrx_word' id='word_1_89' title='bbox 140 1728 298 1793; x_wconf 87' lang='lat' dir='ltr'>nihildum</span> <span class='ocrx_word' id='word_1_90' title='bbox 317 1727 409 1796; x_wconf 86' lang='lat' dir='ltr'>nohis</span> <span class='ocrx_word' id='word_1_91' title='bbox 434 1745 472 1794; x_wconf 92' lang='lat' dir='ltr'>ex</span> <span class='ocrx_word' id='word_1_92' title='bbox 495 1726 535 1792; x_wconf 91' lang='lat' dir='ltr'>iis</span> <span class='ocrx_word' id='word_1_93' title='bbox 552 1746 634 1810; x_wconf 91' lang='lat' dir='ltr'>quae</span> <span class='ocrx_word' id='word_1_94' title='bbox 650 1727 795 1793; x_wconf 87' lang='lat' dir='ltr'>adsecuti</span> <span class='ocrx_word' id='word_1_95' title='bbox 812 1747 921 1795; x_wconf 89' lang='lat' dir='ltr'>sumus</span> <span class='ocrx_word' id='word_1_96' title='bbox 943 1729 1021 1794; x_wconf 89' lang='lat' dir='ltr'>licet</span> <span class='ocrx_word' id='word_1_97' title='bbox 1038 1728 1235 1808; x_wconf 90' lang='lat' dir='ltr'>concludere,</span> <span class='ocrx_word' id='word_1_98' title='bbox 1258 1745 1367 1811; x_wconf 89' lang='lat' dir='ltr'>qnam·</span> 
     </span>
     <span class='ocr_line' id='line_1_13' title="bbox 140 1834 1367 1928; baseline 0.001 -27"><span class='ocrx_word' id='word_1_99' title='bbox 140 1835 190 1901; x_wconf 87' lang='lat' dir='ltr'>vis</span> <span class='ocrx_word' id='word_1_100' title='bbox 219 1840 253 1899; x_wconf 90' lang='lat' dir='ltr'>et</span> <span class='ocrx_word' id='word_1_101' title='bbox 280 1834 377 1899; x_wconf 84' lang='lat' dir='ltr'>index</span> <span class='ocrx_word' id='word_1_102' title='bbox 399 1835 569 1901; x_wconf 88' lang='lat' dir='ltr'>Platouum</span> <span class='ocrx_word' id='word_1_103' title='bbox 596 1835 639 1900; x_wconf 90' lang='lat' dir='ltr'>sit</span> <span class='ocrx_word' id='word_1_104' title='bbox 661 1835 812 1901; x_wconf 90' lang='lat' dir='ltr'>Favorini</span> <span class='ocrx_word' id='word_1_105' title='bbox 837 1836 1003 1919; x_wconf 90' lang='lat' dir='ltr'>eidemque</span> <span class='ocrx_word' id='word_1_106' title='bbox 1032 1835 1191 1928; x_wconf 79' lang='lat' dir='ltr'>fragmina</span> <span class='ocrx_word' id='word_1_107' title='bbox 1214 1837 1367 1902; x_wconf 91' lang='lat' dir='ltr'>nonnulla</span> 
     </span>
     <span class='ocr_line' id='line_1_14' title="bbox 142 1929 1367 2024; baseline 0.002 -18"><span class='ocrx_word' id='word_1_108' title='bbox 142 1942 263 2007; x_wconf 90' lang='lat' dir='ltr'>diserte</span> <span class='ocrx_word' id='word_1_109' title='bbox 288 1945 344 2006; x_wconf 92' lang='lat' dir='ltr'>aut</span> <span class='ocrx_word' id='word_1_110' title='bbox 367 1941 497 2007; x_wconf 87' lang='lat' dir='ltr'>addicta</span> <span class='ocrx_word' id='word_1_111' title='bbox 520 1940 585 2008; x_wconf 89' lang='lat' dir='ltr'>sint</span> <span class='ocrx_word' id='word_1_112' title='bbox 614 1946 671 2007; x_wconf 90' lang='lat' dir='ltr'>aut</span> <span class='ocrx_word' id='word_1_113' title='bbox 694 1929 880 2024; x_wconf 78' lang='lat' dir='ltr'>addicenda,</span> <span class='ocrx_word' id='word_1_114' title='bbox 905 1945 993 2009; x_wconf 90' lang='lat' dir='ltr'>velut</span> <span class='ocrx_word' id='word_1_115' title='bbox 1016 1944 1199 2010; x_wconf 83' lang='lat' dir='ltr'>Aristoxeni</span> <span class='ocrx_word' id='word_1_116' title='bbox 1222 1945 1367 2011; x_wconf 91' lang='lat' dir='ltr'>testimo-</span> 
     </span>
     <span class='ocr_line' id='line_1_15' title="bbox 140 2049 1366 2134; baseline 0.002 -20"><span class='ocrx_word' id='word_1_117' title='bbox 140 2049 238 2114; x_wconf 91' lang='lat' dir='ltr'>nium.</span> <span class='ocrx_word' id='word_1_118' title='bbox 279 2049 386 2114; x_wconf 89' lang='lat' dir='ltr'>Nihilo</span> <span class='ocrx_word' id='word_1_119' title='bbox 410 2054 518 2114; x_wconf 90' lang='lat' dir='ltr'>tamen</span> <span class='ocrx_word' id='word_1_120' title='bbox 534 2050 638 2116; x_wconf 90' lang='lat' dir='ltr'>minus</span> <span class='ocrx_word' id='word_1_121' title='bbox 661 2070 725 2115; x_wconf 89' lang='lat' dir='ltr'>uon</span> <span class='ocrx_word' id='word_1_122' title='bbox 749 2050 1053 2116; x_wconf 84' lang='lat' dir='ltr'>audebimus&#39;etiam</span> <span class='ocrx_word' id='word_1_123' title='bbox 1077 2051 1273 2134; x_wconf 83' lang='lat' dir='ltr'>Antigonum</span> <span class='ocrx_word' id='word_1_124' title='bbox 1289 2051 1307 2134; x_wconf 62' lang='grc' dir='ltr'><strong>ξ</strong></span> <span class='ocrx_word' id='word_1_125' title='bbox 1325 2053 1366 2116; x_wconf 87' lang='grc'>68</span> 
     </span>
     <span class='ocr_line' id='line_1_16' title="bbox 142 2153 1366 2252; baseline 0 -28"><span class='ocrx_word' id='word_1_126' title='bbox 142 2153 352 2224; x_wconf 81' lang='lat' dir='ltr'>Aristotelem</span> <span class='ocrx_word' id='word_1_127' title='bbox 375 2157 393 2240; x_wconf 55' lang='grc' dir='ltr'>ᾗ</span> <span class='ocrx_word' id='word_1_128' title='bbox 418 2157 459 2221; x_wconf 83' lang='lat'>37</span> <span class='ocrx_word' id='word_1_129' title='bbox 485 2161 544 2222; x_wconf 91' lang='lat' dir='ltr'>etc.</span> <span class='ocrx_word' id='word_1_130' title='bbox 574 2157 687 2222; x_wconf 87' lang='lat' dir='ltr'>eodem</span> <span class='ocrx_word' id='word_1_131' title='bbox 715 2157 902 2239; x_wconf 87' lang='lat' dir='ltr'>transferre,</span> <span class='ocrx_word' id='word_1_132' title='bbox 933 2159 1082 2252; x_wconf 86' lang='lat' dir='ltr'>quoniam</span> <span class='ocrx_word' id='word_1_133' title='bbox 1110 2160 1195 2224; x_wconf 91' lang='lat' dir='ltr'>inter</span> <span class='ocrx_word' id='word_1_134' title='bbox 1219 2164 1366 2224; x_wconf 90' lang='lat' dir='ltr'>auctores</span> 
     </span>
     <span class='ocr_line' id='line_1_17' title="bbox 140 2259 1366 2338; baseline 0.001 -8"><span class='ocrx_word' id='word_1_135' title='bbox 140 2259 293 2332; x_wconf 84' lang='lat' dir='ltr'>Favorini</span> <span class='ocrx_word' id='word_1_136' title='bbox 310 2265 448 2338; x_wconf 86' lang='lat' dir='ltr'>usitatos</span> <span class='ocrx_word' id='word_1_137' title='bbox 470 2268 545 2332; x_wconf 87' lang='lat' dir='ltr'>sunt</span> <span class='ocrx_word' id='word_1_138' title='bbox 560 2265 758 2330; x_wconf 91' lang='lat' dir='ltr'>numerandi.</span> <span class='ocrx_word' id='word_1_139' title='bbox 776 2302 820 2312; x_wconf 92' lang='lat'>-</span> <span class='ocrx_word' id='word_1_140' title='bbox 835 2266 880 2338; x_wconf 85' lang='lat' dir='ltr'>At</span> <span class='ocrx_word' id='word_1_141' title='bbox 901 2266 985 2331; x_wconf 92' lang='lat' dir='ltr'>unde</span> <span class='ocrx_word' id='word_1_142' title='bbox 1008 2265 1102 2331; x_wconf 88' lang='lat' dir='ltr'>huius</span> <span class='ocrx_word' id='word_1_143' title='bbox 1123 2266 1171 2331; x_wconf 92' lang='lat' dir='ltr'>rei</span> <span class='ocrx_word' id='word_1_144' title='bbox 1195 2266 1366 2332; x_wconf 88' lang='lat' dir='ltr'>discrimen</span> 
     </span>
     <span class='ocr_line' id='line_1_18' title="bbox 141 2372 1368 2464; baseline 0.002 -27"><span class='ocrx_word' id='word_1_145' title='bbox 141 2373 316 2454; x_wconf 92' lang='lat' dir='ltr'>petendum</span> <span class='ocrx_word' id='word_1_146' title='bbox 340 2374 411 2438; x_wconf 82' lang='lat' dir='ltr'>est?</span> <span class='ocrx_word' id='word_1_147' title='bbox 431 2457 434 2464; x_wconf 21' lang='grc' dir='ltr'>Ι</span> <span class='ocrx_word' id='word_1_148' title='bbox 459 2373 546 2450; x_wconf 80' lang='lat' dir='ltr'>Quae</span> <span class='ocrx_word' id='word_1_149' title='bbox 563 2372 617 2436; x_wconf 85' lang='lat' dir='ltr'>&#39;ad</span> <span class='ocrx_word' id='word_1_150' title='bbox 644 2373 724 2438; x_wconf 92' lang='lat' dir='ltr'>illud</span> <span class='ocrx_word' id='word_1_151' title='bbox 753 2377 789 2438; x_wconf 89' lang='lat' dir='ltr'>ut</span> <span class='ocrx_word' id='word_1_152' title='bbox 816 2373 1023 2464; x_wconf 79' lang='lat' dir='ltr'>perueniatur</span> <span class='ocrx_word' id='word_1_153' title='bbox 1048 2373 1246 2440; x_wconf 89' lang='lat' dir='ltr'>extrinsecus</span> <span class='ocrx_word' id='word_1_154' title='bbox 1270 2374 1368 2440; x_wconf 52' lang='lat' dir='ltr'>advo*</span> 
     </span>
     <span class='ocr_line' id='line_1_19' title="bbox 143 2463 1463 2558; baseline 0.001 -13"><span class='ocrx_word' id='word_1_155' title='bbox 143 2480 245 2546; x_wconf 89' lang='lat' dir='ltr'>canda</span> <span class='ocrx_word' id='word_1_156' title='bbox 267 2479 530 2545; x_wconf 82' lang='lat' dir='ltr'>sunt&#39;s&#39;uhsidia?</span> <span class='ocrx_word' id='word_1_157' title='bbox 898 2487 901 2492; x_wconf 84' lang='lat'>&#39;</span> <span class='ocrx_word' id='word_1_158' title='bbox 1394 2555 1395 2558; x_wconf 8' lang='grc' dir='ltr'><strong>Ἴ</strong></span> <span class='ocrx_word' id='word_1_159' title='bbox 1457 2463 1463 2476; x_wconf 62' lang='grc'><strong>’</strong></span> 
     </span>
    </p>

    <p class='ocr_par' dir='ltr' id='par_1_3' title="bbox 139 2587 1366 3747">
     <span class='ocr_line' id='line_1_20' title="bbox 233 2587 1366 2672; baseline 0.002 -19"><span class='ocrx_word' id='word_1_160' title='bbox 233 2587 411 2670; x_wconf 84' lang='lat' dir='ltr'>Supersunt</span> <span class='ocrx_word' id='word_1_161' title='bbox 433 2588 697 2671; x_wconf 90' lang='lat' dir='ltr'>philosophorum</span> <span class='ocrx_word' id='word_1_162' title='bbox 713 2587 799 2654; x_wconf 88' lang='lat' dir='ltr'>vitae</span> <span class='ocrx_word' id='word_1_163' title='bbox 822 2593 952 2669; x_wconf 90' lang='lat' dir='ltr'>praeter</span> <span class='ocrx_word' id='word_1_164' title='bbox 968 2587 1158 2654; x_wconf 86' lang='lat' dir='ltr'>Laertianas</span> <span class='ocrx_word' id='word_1_165' title='bbox 1175 2587 1267 2670; x_wconf 90' lang='lat' dir='ltr'>aliae,</span> <span class='ocrx_word' id='word_1_166' title='bbox 1292 2607 1366 2672; x_wconf 89' lang='lat' dir='ltr'>par-</span> 
     </span>
     <span class='ocr_line' id='line_1_21' title="bbox 141 2695 1366 2780; baseline 0.003 -22"><span class='ocrx_word' id='word_1_167' title='bbox 141 2695 201 2759; x_wconf 89' lang='lat' dir='ltr'>tim</span> <span class='ocrx_word' id='word_1_168' title='bbox 223 2695 459 2776; x_wconf 86' lang='lat' dir='ltr'>prolegomenis</span> <span class='ocrx_word' id='word_1_169' title='bbox 477 2697 571 2762; x_wconf 72' lang='lat' dir='ltr'>&#39;velut</span> <span class='ocrx_word' id='word_1_170' title='bbox 599 2697 632 2762; x_wconf 92' lang='lat' dir='ltr'>in</span> <span class='ocrx_word' id='word_1_171' title='bbox 655 2696 855 2762; x_wconf 91' lang='lat' dir='ltr'>Platonicam</span> <span class='ocrx_word' id='word_1_172' title='bbox 878 2695 1180 2780; x_wconf 85' lang='lat' dir='ltr'>Aristotelicamque</span> <span class='ocrx_word' id='word_1_173' title='bbox 1204 2695 1366 2778; x_wconf 91' lang='lat' dir='ltr'>praefixae</span> 
     </span>
     <span class='ocr_line' id='line_1_22' title="bbox 140 2802 1365 2888; baseline 0.003 -22"><span class='ocrx_word' id='word_1_174' title='bbox 140 2802 378 2884; x_wconf 86' lang='lat' dir='ltr'>philosophiam</span> <span class='ocrx_word' id='word_1_175' title='bbox 410 2805 477 2872; x_wconf 85' lang='lat' dir='ltr'>sive</span> <span class='ocrx_word' id='word_1_176' title='bbox 505 2806 661 2886; x_wconf 79' lang='lat' dir='ltr'>insertae,</span> <span class='ocrx_word' id='word_1_177' title='bbox 691 2805 810 2887; x_wconf 90' lang='lat' dir='ltr'>partim</span> <span class='ocrx_word' id='word_1_178' title='bbox 842 2822 986 2870; x_wconf 91' lang='lat' dir='ltr'>seorsum</span> <span class='ocrx_word' id='word_1_179' title='bbox 1013 2805 1134 2885; x_wconf 90' lang='lat' dir='ltr'>editae,</span> <span class='ocrx_word' id='word_1_180' title='bbox 1167 2805 1304 2888; x_wconf 90' lang='lat' dir='ltr'>denique</span> <span class='ocrx_word' id='word_1_181' title='bbox 1331 2805 1365 2871; x_wconf 92' lang='lat' dir='ltr'>in</span> 
     </span>
     <span class='ocr_line' id='line_1_23' title="bbox 142 2909 1365 2994; baseline 0.001 -19"><span class='ocrx_word' id='word_1_182' title='bbox 142 2909 260 2975; x_wconf 84' lang='lat' dir='ltr'>Suidae</span> <span class='ocrx_word' id='word_1_183' title='bbox 288 2909 411 2977; x_wconf 86' lang='lat' dir='ltr'>lexicon</span> <span class='ocrx_word' id='word_1_184' title='bbox 440 2917 599 2994; x_wconf 88' lang='lat' dir='ltr'>receptae.</span> <span class='ocrx_word' id='word_1_185' title='bbox 649 2912 810 2994; x_wconf 87' lang='lat' dir='ltr'>Excerpta</span> <span class='ocrx_word' id='word_1_186' title='bbox 837 2913 992 2978; x_wconf 91' lang='lat' dir='ltr'>accedunt</span> <span class='ocrx_word' id='word_1_187' title='bbox 1015 2913 1159 2994; x_wconf 92' lang='lat' dir='ltr'>pretiosa</span> <span class='ocrx_word' id='word_1_188' title='bbox 1183 2912 1269 2993; x_wconf 92' lang='lat' dir='ltr'>apud</span> <span class='ocrx_word' id='word_1_189' title='bbox 1292 2931 1365 2977; x_wconf 93' lang='lat' dir='ltr'>con-</span> 
     </span>
     <span class='ocr_line' id='line_1_24' title="bbox 140 3017 1366 3106; baseline 0.003 -24"><span class='ocrx_word' id='word_1_190' title='bbox 140 3017 360 3083; x_wconf 91' lang='lat' dir='ltr'>lectaneorum</span> <span class='ocrx_word' id='word_1_191' title='bbox 372 3019 546 3106; x_wconf 88' lang='lat' dir='ltr'>scriptores</span> <span class='ocrx_word' id='word_1_192' title='bbox 559 3017 698 3086; x_wconf 81' lang='lat' dir='ltr'>Gellium</span> <span class='ocrx_word' id='word_1_193' title='bbox 711 3017 906 3086; x_wconf 77' lang='lat' dir='ltr'>Clementem</span> <span class='ocrx_word' id='word_1_194' title='bbox 917 3019 1088 3101; x_wconf 86' lang='lat' dir='ltr'>Apuleium</span> <span class='ocrx_word' id='word_1_195' title='bbox 1096 3019 1288 3084; x_wconf 88' lang='lat' dir='ltr'>Numenium</span> <span class='ocrx_word' id='word_1_196' title='bbox 1304 3023 1366 3086; x_wconf 79' lang='lat' dir='ltr'>etc.¹</span> 
     </span>
     <span class='ocr_line' id='line_1_25' title="bbox 140 3123 1365 3218; baseline 0.003 -28"><span class='ocrx_word' id='word_1_197' title='bbox 140 3125 246 3218; x_wconf 89' lang='lat' dir='ltr'>Hodie</span> <span class='ocrx_word' id='word_1_198' title='bbox 274 3123 489 3191; x_wconf 86' lang='lat' dir='ltr'>haecomnia</span> <span class='ocrx_word' id='word_1_199' title='bbox 516 3125 583 3192; x_wconf 87' lang='lat' dir='ltr'>lere</span> <span class='ocrx_word' id='word_1_200' title='bbox 612 3130 867 3192; x_wconf 91' lang='lat' dir='ltr'>contemnuntur.</span> <span class='ocrx_word' id='word_1_201' title='bbox 917 3127 961 3191; x_wconf 83' lang='lat' dir='ltr'>Ac</span> <span class='ocrx_word' id='word_1_202' title='bbox 987 3145 1046 3191; x_wconf 92' lang='lat' dir='ltr'>nec</span> <span class='ocrx_word' id='word_1_203' title='bbox 1071 3126 1222 3208; x_wconf 88' lang='lat' dir='ltr'>pusillum</span> <span class='ocrx_word' id='word_1_204' title='bbox 1253 3134 1303 3194; x_wconf 90' lang='lat' dir='ltr'>est</span> <span class='ocrx_word' id='word_1_205' title='bbox 1331 3129 1365 3193; x_wconf 93' lang='lat' dir='ltr'>in</span> 
     </span>
     <span class='ocr_line' id='line_1_26' title="bbox 141 3231 1365 3318; baseline 0.002 -20"><span class='ocrx_word' id='word_1_206' title='bbox 141 3237 212 3298; x_wconf 91' lang='lat' dir='ltr'>arte</span> <span class='ocrx_word' id='word_1_207' title='bbox 244 3236 356 3298; x_wconf 90' lang='lat' dir='ltr'>nostra</span> <span class='ocrx_word' id='word_1_208' title='bbox 391 3231 577 3318; x_wconf 88' lang='lat' dir='ltr'>quidquam,</span> <span class='ocrx_word' id='word_1_209' title='bbox 615 3238 648 3298; x_wconf 86' lang='lat' dir='ltr'>et</span> <span class='ocrx_word' id='word_1_210' title='bbox 677 3234 718 3299; x_wconf 93' lang='lat' dir='ltr'>ad</span> <span class='ocrx_word' id='word_1_211' title='bbox 747 3234 927 3298; x_wconf 88' lang='lat' dir='ltr'>universam</span> <span class='ocrx_word' id='word_1_212' title='bbox 960 3233 1143 3298; x_wconf 89' lang='lat' dir='ltr'>litterarum</span> <span class='ocrx_word' id='word_1_213' title='bbox 1177 3254 1365 3317; x_wconf 86' lang='lat' dir='ltr'>graecarum</span> 
     </span>
     <span class='ocr_line' id='line_1_27' title="bbox 139 3340 1364 3436; baseline 0.002 -30"><span class='ocrx_word' id='word_1_214' title='bbox 139 3340 323 3436; x_wconf 90' lang='lat' dir='ltr'>historiam,</span> <span class='ocrx_word' id='word_1_215' title='bbox 354 3340 472 3405; x_wconf 91' lang='lat' dir='ltr'>nedum</span> <span class='ocrx_word' id='word_1_216' title='bbox 501 3341 542 3405; x_wconf 93' lang='lat' dir='ltr'>ad</span> <span class='ocrx_word' id='word_1_217' title='bbox 565 3340 687 3406; x_wconf 89' lang='lat' dir='ltr'>Laertii</span> <span class='ocrx_word' id='word_1_218' title='bbox 712 3342 976 3423; x_wconf 90' lang='lat' dir='ltr'>compositionem</span> <span class='ocrx_word' id='word_1_219' title='bbox 1002 3344 1256 3424; x_wconf 90' lang='lat' dir='ltr'>pernoscendam</span> <span class='ocrx_word' id='word_1_220' title='bbox 1279 3362 1364 3410; x_wconf 89' lang='lat' dir='ltr'>sum-</span> 
     </span>
     <span class='ocr_line' id='line_1_28' title="bbox 140 3447 1362 3536; baseline 0.002 -23"><span class='ocrx_word' id='word_1_221' title='bbox 140 3467 225 3536; x_wconf 89' lang='lat' dir='ltr'>mam</span> <span class='ocrx_word' id='word_1_222' title='bbox 250 3447 399 3514; x_wconf 88' lang='lat' dir='ltr'>adferunt</span> <span class='ocrx_word' id='word_1_223' title='bbox 421 3448 469 3513; x_wconf 90' lang='lat' dir='ltr'>illi</span> <span class='ocrx_word' id='word_1_224' title='bbox 485 3449 672 3514; x_wconf 90' lang='lat' dir='ltr'>utihtatem:</span> <span class='ocrx_word' id='word_1_225' title='bbox 697 3449 732 3515; x_wconf 92' lang='lat' dir='ltr'>id</span> <span class='ocrx_word' id='word_1_226' title='bbox 755 3450 840 3532; x_wconf 94' lang='lat' dir='ltr'>quod</span> <span class='ocrx_word' id='word_1_227' title='bbox 862 3448 1005 3529; x_wconf 90' lang='lat' dir='ltr'>habebis,</span> <span class='ocrx_word' id='word_1_228' title='bbox 1029 3469 1103 3515; x_wconf 92' lang='lat' dir='ltr'>mea</span> <span class='ocrx_word' id='word_1_229' title='bbox 1125 3450 1153 3516; x_wconf 93' lang='lat' dir='ltr'>si</span> <span class='ocrx_word' id='word_1_230' title='bbox 1175 3451 1362 3533; x_wconf 86' lang='lat' dir='ltr'>perlegeris.</span> 
     </span>
     <span class='ocr_line' id='line_1_29' title="bbox 142 3555 1365 3639; baseline 0.004 -19"><span class='ocrx_word' id='word_1_231' title='bbox 142 3555 318 3637; x_wconf 89' lang='lat' dir='ltr'>Operosam</span> <span class='ocrx_word' id='word_1_232' title='bbox 348 3561 381 3622; x_wconf 91' lang='lat' dir='ltr'>et</span> <span class='ocrx_word' id='word_1_233' title='bbox 411 3555 538 3623; x_wconf 84' lang='lat' dir='ltr'>deviam</span> <span class='ocrx_word' id='word_1_234' title='bbox 565 3556 645 3621; x_wconf 91' lang='lat' dir='ltr'>haec</span> <span class='ocrx_word' id='word_1_235' title='bbox 674 3556 860 3622; x_wconf 86' lang='lat' dir='ltr'>desiderant</span> <span class='ocrx_word' id='word_1_236' title='bbox 884 3556 1154 3639; x_wconf 90' lang='lat' dir='ltr'>disquisitionem:</span> <span class='ocrx_word' id='word_1_237' title='bbox 1185 3564 1220 3625; x_wconf 92' lang='lat' dir='ltr'>at</span> <span class='ocrx_word' id='word_1_238' title='bbox 1243 3561 1271 3624; x_wconf 87' lang='lat' dir='ltr'>si</span> <span class='ocrx_word' id='word_1_239' title='bbox 1293 3564 1365 3625; x_wconf 92' lang='lat' dir='ltr'>tan-</span> 
     </span>
     <span class='ocr_line' id='line_1_30' title="bbox 140 3643 1006 3747; baseline 0.003 -20"><span class='ocrx_word' id='word_1_240' title='bbox 140 3643 209 3728; x_wconf 87' lang='lat' dir='ltr'>tum</span> <span class='ocrx_word' id='word_1_241' title='bbox 233 3663 386 3730; x_wconf 90' lang='lat' dir='ltr'>habitura</span> <span class='ocrx_word' id='word_1_242' title='bbox 409 3665 453 3732; x_wconf 89' lang='lat' dir='ltr'>sit</span> <span class='ocrx_word' id='word_1_243' title='bbox 476 3683 667 3745; x_wconf 89' lang='lat' dir='ltr'>successum,</span> <span class='ocrx_word' id='word_1_244' title='bbox 692 3665 764 3747; x_wconf 89' lang='lat' dir='ltr'>quis</span> <span class='ocrx_word' id='word_1_245' title='bbox 788 3661 1006 3732; x_wconf 80' lang='lat' dir='ltr'>detrectabit?</span> 
     </span>
    </p>
   </div>
   <div class='ocr_carea' id='block_1_3' title="bbox 522 3859 979 4055">
    <p class='ocr_par' dir='ltr' id='par_1_4' title="bbox 522 3859 979 4055">
     <span class='ocr_line' id='line_1_31' title="bbox 580 3859 978 3964; baseline 0.008 -40"><span class='ocrx_word' id='word_1_246' title='bbox 580 3859 603 3926; x_wconf 88' lang='lat' dir='ltr'>l.</span> <span class='ocrx_word' id='word_1_247' title='bbox 638 3859 680 3928; x_wconf 85' lang='lat' dir='ltr'>lie</span> <span class='ocrx_word' id='word_1_248' title='bbox 704 3860 835 3928; x_wconf 81' lang='lat' dir='ltr'>Platonis</span> <span class='ocrx_word' id='word_1_249' title='bbox 859 3861 929 3927; x_wconf 83' lang='lat' dir='ltr'>ulla.</span> <span class='ocrx_word' id='word_1_250' title='bbox 974 3954 978 3964; x_wconf 66' lang='lat'>.</span> 
     </span>
     <span class='ocr_line' id='line_1_32' title="bbox 522 3981 979 4055; baseline 0.002 -13"><span class='ocrx_word' id='word_1_251' title='bbox 522 3981 555 4054; x_wconf 81' lang='lat' dir='ltr'>a)</span> <span class='ocrx_word' id='word_1_252' title='bbox 580 3985 625 4040; x_wconf 82' lang='lat' dir='ltr'>De</span> <span class='ocrx_word' id='word_1_253' title='bbox 643 3983 771 4055; x_wconf 82' lang='lat' dir='ltr'>Apuleio</span> <span class='ocrx_word' id='word_1_254' title='bbox 791 3985 823 4041; x_wconf 87' lang='lat' dir='ltr'>et</span> <span class='ocrx_word' id='word_1_255' title='bbox 840 3984 979 4043; x_wconf 81' lang='lat' dir='ltr'>Laertio.</span> 
     </span>
    </p>
   </div>
   <div class='ocr_carea' id='block_1_4' title="bbox 140 4093 1367 4306">
    <p class='ocr_par' dir='ltr' id='par_1_5' title="bbox 140 4093 1367 4306">
     <span class='ocr_line' id='line_1_33' title="bbox 230 4093 1363 4188; baseline 0.004 -31"><span class='ocrx_word' id='word_1_256' title='bbox 230 4093 314 4159; x_wconf 85' lang='lat' dir='ltr'>Ante</span> <span class='ocrx_word' id='word_1_257' title='bbox 342 4093 507 4159; x_wconf 87' lang='lat' dir='ltr'>Laertium</span> <span class='ocrx_word' id='word_1_258' title='bbox 537 4094 576 4159; x_wconf 92' lang='lat' dir='ltr'>dc</span> <span class='ocrx_word' id='word_1_259' title='bbox 604 4094 740 4158; x_wconf 87' lang='lat' dir='ltr'>Platone</span> <span class='ocrx_word' id='word_1_260' title='bbox 769 4094 901 4176; x_wconf 89' lang='lat' dir='ltr'>eiusque</span> <span class='ocrx_word' id='word_1_261' title='bbox 923 4094 1083 4188; x_wconf 84' lang='lat' dir='ltr'>dogmate</span> <span class='ocrx_word' id='word_1_262' title='bbox 1110 4094 1204 4159; x_wconf 92' lang='lat' dir='ltr'>docte</span> <span class='ocrx_word' id='word_1_263' title='bbox 1229 4096 1363 4182; x_wconf 85' lang='lat' dir='ltr'>scripsit</span> 
     </span>
     <span class='ocr_line' id='line_1_34' title="bbox 140 4199 1367 4306; baseline 0.002 -41"><span class='ocrx_word' id='word_1_264' title='bbox 140 4200 296 4283; x_wconf 86' lang='lat' dir='ltr'>Apuleius</span> <span class='ocrx_word' id='word_1_265' title='bbox 321 4201 383 4284; x_wconf 91' lang='lat' dir='ltr'>[cd.</span> <span class='ocrx_word' id='word_1_266' title='bbox 402 4201 605 4267; x_wconf 85' lang='lat' dir='ltr'>Goldbacher</span> <span class='ocrx_word' id='word_1_267' title='bbox 628 4221 658 4282; x_wconf 93' lang='lat' dir='ltr'>p.</span> <span class='ocrx_word' id='word_1_268' title='bbox 682 4201 723 4265; x_wconf 87' lang='lat'>63</span> <span class='ocrx_word' id='word_1_269' title='bbox 746 4199 839 4284; x_wconf 92' lang='lat' dir='ltr'>sqq.],</span> <span class='ocrx_word' id='word_1_270' title='bbox 865 4219 909 4304; x_wconf 77' lang='lat' dir='ltr'>ac¹</span> <span class='ocrx_word' id='word_1_271' title='bbox 925 4203 1063 4283; x_wconf 92' lang='lat' dir='ltr'>primum</span> <span class='ocrx_word' id='word_1_272' title='bbox 1087 4202 1215 4284; x_wconf 91' lang='lat' dir='ltr'>quidem</span> <span class='ocrx_word' id='word_1_273' title='bbox 1234 4202 1273 4267; x_wconf 90' lang='lat' dir='ltr'>de</span> <span class='ocrx_word' id='word_1_274' title='bbox 1295 4203 1367 4306; x_wconf 85' lang='lat' dir='ltr'>vita¹</span> 
     </span>
    </p>
   </div>
   <div class='ocr_carea' id='block_1_5' title="bbox 144 4381 1363 4491">
    <p class='ocr_par' dir='ltr' id='par_1_6' title="bbox 144 4381 1363 4491">
     <span class='ocr_line' id='line_1_35' title="bbox 144 4381 1363 4491; baseline 0.002 -24"><span class='ocrx_word' id='word_1_275' title='bbox 144 4475 147 4486; x_wconf 36' lang='grc' dir='ltr'>Ι</span> <span class='ocrx_word' id='word_1_276' title='bbox 180 4473 183 4484; x_wconf 54' lang='grc'><em>,</em></span> <span class='ocrx_word' id='word_1_277' title='bbox 217 4411 255 4484; x_wconf 57' lang='lat'>⁶4)</span> <span class='ocrx_word' id='word_1_278' title='bbox 273 4412 459 4486; x_wconf 74' lang='lat' dir='ltr'>Erasistratus</span> <span class='ocrx_word' id='word_1_279' title='bbox 472 4417 500 4468; x_wconf 90' lang='lat' dir='ltr'>et</span> <span class='ocrx_word' id='word_1_280' title='bbox 514 4413 695 4484; x_wconf 88' lang='lat' dir='ltr'>Theophanes</span> <span class='ocrx_word' id='word_1_281' title='bbox 713 4413 741 4468; x_wconf 91' lang='lat' dir='ltr'>in</span> <span class='ocrx_word' id='word_1_282' title='bbox 759 4412 823 4470; x_wconf 86' lang='lat' dir='ltr'>vitis</span> <span class='ocrx_word' id='word_1_283' title='bbox 835 4430 973 4484; x_wconf 88' lang='lat' dir='ltr'>nunquam</span> <span class='ocrx_word' id='word_1_284' title='bbox 985 4381 1150 4470; x_wconf 83' lang='lat' dir='ltr'>excitantur¹</span> <span class='ocrx_word' id='word_1_285' title='bbox 1159 4383 1243 4486; x_wconf 32' lang='lat' dir='ltr'>[clep.</span> <span class='ocrx_word' id='word_1_286' title='bbox 1256 4417 1290 4474; x_wconf 81' lang='lat'>45</span> <span class='ocrx_word' id='word_1_287' title='bbox 1304 4418 1363 4491; x_wconf 90' lang='lat' dir='ltr'>sq.].</span> 
     </span>
    </p>
   </div>
   <div class='ocr_carea' id='block_1_6' title="bbox 0 0 1714 5408">
    <p class='ocr_par' dir='ltr' id='par_1_7' title="bbox 0 0 1714 5408">
     <span class='ocr_line' id='line_1_36' title="bbox 0 0 1714 5408; baseline 0 2"><span class='ocrx_word' id='word_1_288' title='bbox 0 0 1714 5408; x_wconf 95' lang='lat' dir='ltr'> </span> 
     </span>
    </p>
   </div>
  </div>
 </body>
</html>
