3420 5408
343 471 385 534 82

341 646 469 712 duxisse
493 646 657 728 originem.
699 645 765 709 Nec
789 641 927 736 effugere
952 645 1081 726 poterat
1097 661 1220 708 summo
1237 639 1360 707 Laertii
1377 639 1562 722 similitudo,

341 755 402 818 etsi
425 755 449 818 ii
472 755 527 835 qui
550 772 589 817 ex
608 753 751 833 Diogene
768 750 841 816 illas
857 749 1011 816 conflatas
1027 755 1142 833 putant
1156 754 1226 815 toto
1250 749 1340 814 caelo
1364 756 1561 816 erraverunt.

340 860 494 926 Genera
517 861 589 925 dno
613 859 896 940 distinguenda
919 863 1016 923 sunt.

429 967 488 1045 Qui
521 967 605 1031 enim
639 966 712 1030 illas
747 966 855 1046 paullo
888 967 1044 1032 attentius
1079 982 1174 1047 quam
1213 963 1307 1044 volgo
1347 964 1429 1028 solet
1464 963 1561 1028 oculis

339 1075 590 1156 pertentaverit,
626 1072 987 1139 Pseudoammonianam
1019 1072 1075 1158 [A]
1113 1078 1146 1137 et
1176 1071 1373 1136 Marcionem
1402 1071 1456 1155 [B]
1490 1091 1561 1136 con-

339 1184 450 1263 iungat
473 1183 614 1262 itemque
636 1181 842 1246 Laertianam
866 1181 1177 1264 Hesychianamque,
1194 1179 1256 1242 ita
1284 1183 1391 1242 tamen
1419 1184 1456 1243 ut
1478 1179 1561 1243 inter

340 1308 373 1353 se
409 1288 481 1352 illas
516 1305 591 1352 usas
626 1306 698 1352 esse
731 1287 912 1370 praefracte
946 1293 1052 1370 neget.
1105 1287 1148 1352 Et
1174 1285 1255 1350 illud
1283 1287 1411 1367 quidem
1440 1305 1499 1368 per
1527 1305 1559 1350 se

338 1401 438 1476 patet.
479 1395 560 1459 Nam
584 1414 622 1460 eo
646 1396 712 1460 vita
734 1397 919 1460 Aristotelis
943 1397 971 1460 A
994 1400 1028 1459 et
1050 1394 1077 1459 B
1100 1393 1245 1472 tendunt,
1271 1399 1307 1457 ut
1330 1399 1364 1457 et
1386 1394 1559 1458 institutio-

339 1522 412 1567 nem
441 1523 479 1568 ex
506 1503 711 1585 philosophia
746 1509 896 1585 repetant
930 1509 964 1568 et
996 1507 1142 1584 pugnant
1170 1506 1282 1566 contra
1317 1519 1372 1564 eos
1407 1501 1461 1582 qni
1489 1500 1557 1564 Pla-

337 1615 445 1675 tonem
474 1617 507 1676 et
535 1613 741 1676 Aristotelem
775 1612 917 1676 aemulos
949 1612 1033 1675 inter
1063 1628 1097 1675 se
1132 1615 1165 1674 et
1199 1607 1336 1674 offensos
1368 1609 1559 1672 contendant

338 1717 447 1784 fnisse.
494 1720 541 1783 De
565 1724 701 1800 utroque
724 1718 805 1784 nihil
828 1737 887 1783 nec
921 1719 1007 1799 apud
1033 1717 1198 1781 Laertium
1225 1734 1329 1797 neque
1352 1715 1438 1796 apud
1460 1715 1558 1796 Hesy-

338 1824 443 1889 chium
483 1826 627 1907 quamvis
661 1826 694 1890 in
728 1844 834 1889 rerum
869 1825 1055 1891 narratione
1094 1824 1275 1888 concorden.
1345 1822 1557 1904 Archetypum

337 1933 437 2014 igitur
470 1938 507 1999 ut
541 1933 588 1997 ita
618 1933 721 1997 dicam
758 1933 861 2012 illum,
897 1951 991 2014 quem
1025 1931 1174 1996 Laertius
1208 1936 1241 1994 et
1273 1929 1453 2012 Hesychius
1486 1929 1557 1992 reli-

337 2037 425 2117 giose
453 2039 667 2120 descripsere,
697 2040 726 2102 A
750 2045 782 2104 et
805 2039 832 2104 B
856 2040 898 2104 ad
928 2039 1231 2122 Neoplatonicorum
1259 2055 1380 2101 morem
1410 2036 1557 2100 exhibent

337 2150 574 2211 commutatum.

425 2271 453 2316 a.
478 2253 578 2318 Plane
594 2255 678 2318 idem
702 2272 800 2335 supra
816 2253 855 2317 de
880 2252 1154 2336 Olympiodori
1177 2253 1244 2318 vita
1259 2252 1404 2317 Platonis
1428 2256 1461 2316 et
1476 2252 1554 2316 Ano·

334 2359 420 2439 nymi
444 2359 651 2425 decrevimus.
682 2435 696 2452 ⁸

423 2467 451 2530 b.
478 2466 589 2532 Altera
618 2486 688 2531 cum
717 2466 993 2549 Olympiodoro
1021 2467 1145 2532 accedit
1174 2466 1359 2530 similitudo.
1407 2464 1553 2528 Aristidis

335 2572 474 2637 rhetoris
496 2575 529 2637 in
553 2573 698 2639 Platonis
721 2575 893 2639 maledicta
915 2574 1012 2638 bilem
1029 2573 1255 2655 Olympiodoro
1279 2572 1359 2637 adeo
1383 2576 1551 2649 moverant,

333 2684 370 2743 ut
400 2680 477 2744 data
509 2682 674 2746 occasione
702 2686 736 2746 et
763 2682 795 2746 in
827 2683 893 2747 vita
921 2682 993 2762 ipsa
1021 2686 1054 2744 et
1082 2681 1115 2745 in
1144 2681 1372 2745 commentario
1397 2679 1552 2760 Gorgiano

336 2805 407 2850 eum
437 2786 642 2852 acerbissime
670 2789 883 2871 impugnaret.
936 2788 1047 2869 Neque
1077 2788 1173 2851 aliter
1201 2787 1351 2851 cordatus
1374 2783 1552 2850 Aristotelis

334 2893 531 2975 biographus
554 2895 597 2978 [A
620 2901 653 2960 et
666 2896 707 2978 B]
728 2896 874 2978 loquitur
897 2895 1028 2979 [sequar
1045 2891 1242 2959 Marcionem
1265 2899 1301 2957 ut
1321 2893 1552 2973 diligentiorem

333 3002 401 3081 p.3
426 3002 552 3082 Robbe3
583 3002 711 3068 brevius
735 3001 1093 3084 Pseudoarnmoniana]:
1119 2997 1185 3065 ‘oda
1208 3002 1272 3086 ἄρα
1297 2996 1552 3086 ἀνῳκοδόμησεν

330 3102 393 3192 Ἄρ.
418 3107 536 3192 σχολὴν
560 3108 605 3172 ἔτι
630 3110 745 3184 ζῶντος
768 3110 802 3172 τὸ
827 3105 975 3189 Λύκειον,
1000 3107 1042 3183 ὡς
1060 3106 1279 3194 Ἀριστόξενος
1301 3108 1429 3192 πρῶτος
1450 3100 1552 3168 ἐσυκο-

335 3211 478 3299 φάντησε
501 3215 557 3278 καὶ
574 3212 867 3304 Ἀριστείδης”“)
890 3213 1024 3301 ὕστερον
1045 3211 1287 3300 ἢκολούθησεν’.

423 3340 448 3386 c.
486 3322 647 3404 Singulari
692 3324 771 3387 mibi
810 3322 928 3404 obtigit
965 3321 1108 3403 fortuna,
1153 3327 1190 3388 ut
1228 3321 1403 3387 invenirem
1441 3335 1551 3399 reapse

335 3426 654 3509 Olympiodorunr
683 3431 715 3494 in
747 3430 858 3493 eodem
887 3433 1114 3496 commentario
1144 3430 1307 3510 Gorgiano
1337 3426 1454 3512 [lahnii
1483 3444 1548 3488 anu.

335 3536 438 3616 suppl.
456 3535 531 3602 XIV
546 3557 577 3618 p.
595 3538 660 3600 394
677 3536 739 3619 sq]
763 3538 859 3601 etiam
877 3539 1084 3603 Aristotelem
1109 3542 1220 3601 contra
1241 3534 1393 3599 Aristidis
1417 3535 1550 3614 impetus

334 3649 487 3709 tuentem.
536 3646 640 3726 Atque
673 3645 753 3708 adeo
786 3664 853 3708 rem
884 3650 919 3708 ut
948 3645 1131 3726 praecidam
1160 3644 1301 3708 iisdem
1326 3646 1435 3705 tuetur
1458 3638 1550 3704 armis

335 3757 371 3815 ut
394 3751 591 3832 biographus
615 3751 669 3815 ille
693 3751 875 3816 Marcianus
900 3751 964 3835 [A].
1006 3752 1054 3816 Ne
1077 3752 1180 3833 plura,
1205 3749 1351 3815 conferas
1374 3753 1548 3827 utrumque,
1675 3837 1676 3844 ἵ

335 3859 457 3924 videbis
480 3859 565 3939 ipse:
1675 3847 1676 3878 ¹

406 4141 443 4213 9⁰)
462 4142 556 4199 Robbe
575 4151 607 4198 ut
624 4162 651 4214 p.
670 4145 704 4196 24
722 4157 865 4210 perperam
889 4141 1007 4196 coniecit
1027 4141 1217 4213 ‘’Apmroulis',
1242 4141 1321 4196 cuins
1345 4141 1378 4195 de
1398 4137 1550 4192 Aristotelis

335 4232 392 4286 vita
410 4238 541 4302 excerpta
567 4232 679 4286 exhibet
707 4232 846 4287 Eusebius
871 4249 964 4300 praep.
992 4247 1087 4302 evang.
1106 4233 1171 4301 XV,
1198 4233 1238 4286 ita
1265 4231 1372 4286 omnino
1400 4227 1469 4282 nihil
1496 4227 1550 4295 ipse

335 4323 486 4392 praestitit,
505 4339 531 4392 p.
551 4325 584 4378 36
604 4322 711 4391 ineptit.
