3432 5400
356 505 418 568 128

353 684 396 748 ad
434 681 529 748 fidem
568 688 601 746 et
639 681 866 746 auctoritatem
905 681 1025 746 acriter
1062 679 1326 746 Wilamooitzius
1361 679 1484 765 [Herm.
1518 677 1576 744 XII

354 789 471 873 (1877)
494 809 525 871 p.
544 790 736 873 326-367]
759 791 962 868 examinavit,
988 791 1167 870 statuitque
1187 807 1270 870 quae
1286 789 1417 854 Polemo
1435 789 1577 853 Timaeus

352 897 549 978 Hermippus
573 903 633 961 etc.
659 897 699 962 de
716 897 910 978 Thucydidis
934 897 1030 960 rebus
1046 901 1263 972 enarrassent
1290 897 1469 978 conlegisse
1486 896 1577 976 Didy-

353 1024 454 1084 mum,
485 1003 559 1068 hine
590 1003 768 1085 Antyllum,
800 1004 842 1068 ab
871 1003 1001 1086 Antyllo
1033 1002 1253 1069 Marcellinum
1284 1006 1435 1085 pendere.
1483 1004 1579 1080 Quam

354 1111 548 1175 sententiam
572 1115 609 1174 ut
631 1111 665 1174 in
687 1110 850 1174 nonnullis
873 1110 1105 1176 immutandam
1129 1129 1286 1192 censeam,
1314 1111 1393 1176 lacit
1415 1130 1521 1175 meum
1543 1110 1580 1172 de

354 1218 545 1298 fragmentis
561 1224 636 1301 περὶ
659 1215 839 1302 ὁμωνίμων
860 1218 1012 1282 iudicium
1036 1218 1161 1282 diutino
1185 1219 1292 1282 studio
1308 1223 1448 1300 partum.
1488 1217 1581 1280 Wila-
1688 1253 1689 1260 ι

355 1325 513 1389 mowitzio
542 1325 703 1389 assentior
731 1343 751 1388 a
775 1323 955 1388 Marcellini
983 1325 1203 1407 Thucydidem
1231 1325 1379 1405 catalogo
1408 1323 1580 1388 exeundum

357 1450 428 1493 esse
453 1432 663 1495 existimanti:

446 1539 522 1619 §28
548 1539 603 1621 Μὴ
628 1535 798 1619 ἀγνοῶμεν
821 1535 869 1621 δη,
893 1535 942 1602 ὅτι
967 1537 1115 1617 ἐγένοντο
1138 1539 1338 1604 Θουκυδίδαι
1361 1537 1493 1601 πολλοί·

445 1638 540 1718 οὗτος
562 1669 597 1708 τε
618 1643 636 1707 ὁ
654 1642 791 1730 Ὀλόρου
807 1655 887 1721 παῖς

446 1753 501 1815 καί
530 1750 678 1835 δεύτερος
709 1751 899 1836 δημαγωγὸς
925 1753 1101 1838 Μελησίου,
1130 1750 1166 1827 ὃς
1194 1751 1249 1814 καὶ
1271 1751 1425 1836 Περικλεῖ
1446 1749 1580 1813 διεαολι-

357 1857 508 1924 τειὶσατο·

446 1972 547 2054 τρίτος
568 1966 608 2030 δὲ
629 1969 721 2043 γένος
736 1966 933 2051 Φαρσάλιος,
956 1963 999 2033 οὗ
1022 1971 1216 2052 μέμνηται
1234 1966 1423 2048 Πολέμων
1445 1963 1486 2030 ἐν
1507 1973 1578 2036 τοῖς

359 2079 446 2158 περὶ
469 2069 720 2155 ἀκροπόλεως
742 2073 878 2156 ηάσκων
900 2071 1002 2140 αιἰτδν
1025 2077 1111 2138 εἶναι
1133 2073 1253 2158 πατρὸς
1274 2076 1447 2146 Μένωνος·

450 2184 594 2266 τέταρτος
609 2177 707 2254 ἄλλος
724 2179 926 2265 Θουκυδίδης
941 2180 1070 2266 ποιητὴς
1092 2178 1147 2245 τὸν
1169 2181 1271 2264 δῆμον
1286 2176 1525 2262 Ἀχερδούσιος,
1548 2171 1581 2241 οὗ

359 2292 516 2372 μέμνηται
532 2282 728 2368 Ἀνδροτίων
751 2286 787 2350 ἕν
810 2293 844 2375 τῇ
860 2283 997 2351 ’Λτθίδι
1021 2288 1125 2367 λέγων
1147 2288 1268 2372 πατρδς
1290 2288 1374 2348 εἶναι
1390 2281 1581 2368 Ἀρίστωνος.

361 2394 425 2457 Cur
452 2398 606 2474 quattuor
632 2393 692 2457 hos
716 2393 917 2475 Thucydides
941 2414 1052 2459 censes
1076 2395 1261 2461 conlectos?
1307 2393 1388 2470 Quia
1412 2392 1473 2456 soli
1497 2395 1583 2454 erant
1691 2399 1692 2460 l

360 2501 450 2564 noti?
498 2501 540 2563 At
563 2500 788 2581 Theopompus
812 2502 958 2582 quintum
982 2501 1243 2568 commemoravit
1266 2521 1328 2564 non
1352 2500 1535 2578 obscurum,
1558 2498 1582 2560 si

361 2608 488 2689 quidem
517 2625 635 2686 anceps
663 2608 847 2687 videbatur,
877 2613 950 2672 uter
972 2610 1090 2673 Pericli
1118 2610 1308 2674 adversatus
1337 2611 1439 2684 esset,
1470 2605 1525 2668 ille
1547 2622 1582 2666 au

362 2715 515 2777 Melesiae
539 2711 696 2799 filius¹³⁸).
736 2717 785 2779 Au
809 2717 885 2796 quia
908 2717 1020 2780 eadem
1045 2722 1154 2781 aetate
1177 2715 1337 2779 domuere?
1380 2714 1423 2776 ht
1446 2712 1479 2775 in
1503 2710 1583 2774 aliud

362 2829 490 2904 tempus
515 2821 667 2885 Melesiae
692 2819 749 2886 tilii
773 2819 861 2908 ἀκμή
884 2824 1007 2904 incidit,
1032 2825 1065 2887 in
1089 2824 1177 2888 aliud
1200 2827 1389 2886 ceterorum.

455 2929 557 2993 Aliam
597 2929 754 2992 rationem
787 2929 1051 2994 Wilamowitzius
1090 2930 1172 2995 hanc
1206 2929 1293 2993 iniit:
1339 2927 1387 2991 De
1422 2923 1582 2990 Pharsalio

361 3038 492 3102 Polemo
528 3037 560 3100 in
589 3036 681 3100 libris
711 3036 751 3100 de
781 3054 856 3101 arce
887 3038 992 3117 egisse
1022 3039 1162 3102 traditur
1194 3033 1243 3123 [ef.
1269 3033 1435 3116 indicem];
1472 3033 1582 3096 ibidem

363 3143 519 3207 tumulum
542 3141 687 3206 historici
712 3148 745 3207 ct
767 3140 867 3206 filium
885 3143 1087 3207 Timotheum
1110 3138 1416 3220 memoraverat¹³⁹).
1457 3141 1583 3205 Constat

363 3250 478 3313 deinde
508 3269 547 3312 cx
569 3249 731 3314 Pausania
752 3249 768 3313 l
792 3251 844 3329 23,
871 3246 954 3333 9¹⁴⁰)
983 3251 1219 3334 [Wilamowitz.
1245 3271 1276 3331 p.
1294 3251 1358 3313 345
1383 3248 1468 3331 sqq.]
1498 3247 1581 3312 Pole-

363 3376 489 3422 monem
513 3356 625 3421 eodem
648 3358 680 3420 in
695 3356 779 3422 libro
795 3357 835 3421 de
852 3357 1035 3440 Thucydide
1051 3359 1199 3439 quodam,
1223 3375 1318 3438 quem
1335 3354 1471 3420 Oenobii
1487 3355 1582 3418 cnius-

438 3641 487 3709 ¹³·⁸)
507 3639 597 3693 Schol.
621 3639 648 3692 in
669 3639 809 3706 Aristoph.
833 3657 906 3708 vesp.
926 3642 991 3694 947:
1016 3639 1217 3712 Θεόπομπος
1242 3643 1332 3710 μέντοι
1358 3637 1522 3708 ὃῖστορικὸς
1541 3636 1580 3688 τὸν

366 3739 516 3785 Πανταίνου
539 3732 620 3798 poete
643 3729 905 3782 ιίντιπσλιτευοασθαι
930 3735 1062 3800 Περικλεῖ.
1087 3731 1189 3783 Eratne
1209 3730 1387 3798 Gargettius?
1414 3729 1459 3796 [cf.
1473 3747 1500 3799 p.
1521 3728 1581 3795 1291·

439 3821 487 3887 139)
507 3819 657 3873 Marcellin.
677 3819 692 3887 ᾗ
715 3821 745 3872 17
771 3820 837 3888 πρὸς
862 3821 914 3890 γὰρ
938 3827 994 3879 ταῖς
1015 3824 1132 3874 Μελίτισι
1156 3821 1251 3880 atltae
1275 3824 1451 3891 καλουμέναις
1475 3822 1543 3872 ἐστίν
1559 3822 1582 3870 ίν

370 3918 449 3983 Κοίλη
468 3912 497 3963 τίι
511 3910 637 3982 Κιμώνια
655 3907 788 3979 μνήματα,
808 3913 876 3962 ἔνθα
895 3914 1028 3962 δείκνυται
1042 3910 1148 3979 Ὀλόρου
1165 3912 1211 3963 καί
1224 3912 1391 3963 Θουκυδίδου
1409 3908 1502 3979 tripos·
1521 3905 1581 3977 τυρί-

366 4021 472 4054 σκονται
496 3998 680 4065 δηλσνστοτοίι
701 3999 846 4052 Μιλτιάδου
869 4003 962 4069 γίνσυς
984 4000 1068 4059 ὄντες·
1094 4002 1167 4059 ξένος
1191 4000 1243 4070 γὰρ
1267 4001 1354 4059 οὐδεὶς
1378 4004 1431 4053 ἐκεῖ
1453 3999 1581 4059 θάπτεται,

366 4094 411 4142 καὶ
425 4094 581 4161 Πολέμων
600 4090 634 4140 δὲ
653 4092 686 4140 ἐν
704 4088 742 4157 τῷ
761 4091 837 4158 περί
855 4088 1071 4158 ἀκροπόλεως
1089 4095 1226 4160 μαρτυρεῖ,
1245 4094 1313 4142 ἔνθα
1325 4090 1370 4140 καί
1386 4088 1520 4160 Τιμόθεον
1532 4086 1582 4140 vide

366 4178 435 4248 αὐτῷ
453 4181 616 4251 γεγενῆσθαι
634 4183 805 4247 προσιστορεῖ.

440 4267 489 4336 ¹¹¹⁰)
507 4273 622 4337 Οἰνοβίῳ
641 4266 669 4319 δ’
693 4271 774 4337 ἔργον
798 4270 867 4320 ἐστίν
885 4273 911 4328 λς
929 4272 1098 4336 Θουκυδίδην
1120 4268 1165 4323 τὸν
1185 4267 1290 4338 Ὀλόρου
1312 4267 1438 4338 χρηστόν·
1464 4266 1583 4338 ψὴηισμα

368 4359 421 4428 γὰρ
440 4363 559 4423 ἐνίκησεν
578 4357 698 4425 Οἰνόβιος
720 4362 859 4410 κατελθεῖν
883 4362 909 4416 λς
926 4359 1039 4421 Ἀθήνας
1061 4360 1242 4424 Θουκυδίδην,
1267 4363 1312 4410 καί
1338 4360 1363 4409 οἱ
1385 4358 1584 4425 δολοφονηθέντι

368 4444 404 4506 ὡς
422 4447 509 4518 κατῄει
528 4447 622 4518 μνῆμά
641 4453 710 4500 ἐστιν
723 4448 753 4499 οὐ
767 4446 858 4517 κτοῤῥιυ
877 4448 967 4499 πυλῶν
987 4451 1142 4502 Μελιτίδων.
1171 4447 1211 4501 Cf.
1225 4447 1414 4501 Wilamowitz.
1428 4463 1454 4515 p.
1468 4447 1520 4502 345
1532 4462 1583 4514 sqq.
