3420 5408
737 722 778 787 Π.

237 883 421 950 Ordinem
444 884 477 949 in
501 883 657 966 catalogis
680 883 803 949 nullum
821 882 998 949 observavi.
1038 882 1149 966 Neque
1166 883 1250 949 enim
1264 903 1376 951 verum
1416 910 1421 919 ¹

149 998 200 1060 est
223 992 310 1075 quod
324 1009 544 1074 praepropere
560 991 670 1073 posuit
685 990 896 1056 Nietzscheus
920 989 1013 1074 [mus.
1031 989 1120 1056 rhen.
1137 991 1244 1057 XXIV
1260 991 1375 1076 [1869]

147 1121 178 1183 p.
199 1100 277 1184 196]
306 1117 377 1164 eam
406 1099 440 1163 in
468 1099 631 1180 plerisque
666 1097 775 1164 valere
803 1098 923 1181 legem,
958 1103 996 1163 ut
1024 1098 1166 1164 eiusdem
1193 1099 1376 1166 litterarum
1471 1149 1474 1154 .

147 1207 275 1290 generis
297 1205 443 1273 homines
460 1206 564 1271 eidem
586 1205 658 1272 loco
682 1206 722 1271 de
740 1206 901 1272 industria
924 1205 990 1272 sint
1006 1206 1178 1288 adsignati,
1204 1211 1238 1272 et
1252 1206 1376 1274 fallitur

146 1315 184 1380 Il.
209 1314 360 1380 Rohdeus
399 1312 532 1398 [griech.
567 1333 679 1379 roman
714 1334 745 1396 p.
764 1314 827 1379 263
860 1312 907 1398 n.]
945 1312 1001 1395 qui
1037 1314 1193 1395 temporis
1231 1315 1376 1381 ordinem

148 1422 321 1504 diligenter
343 1426 526 1502 respectum
549 1439 620 1487 esse
637 1409 843 1505 ἱοοίοτίίθί).Ι
868 1421 965 1488 Velut
988 1421 1073 1486 inter
1098 1420 1321 1488 Theodoros
1344 1423 1376 1488 11

150 1529 213 1595 103
231 1547 277 1612 sq.
294 1529 441 1610 primum·
456 1528 600 1595 videmus
623 1532 785 1595 vetustum
800 1527 921 1594 Rboeci
942 1525 1052 1609 filium,
1078 1528 1215 1594 alterum
1230 1529 1376 1597 Platonis

219 1761 246 1815 b.
265 1760 522 1816 Demetriornm
540 1758 566 1814 V
584 1760 619 1814 58
638 1763 725 1830 τρίτος
745 1756 876 1830 Ταρσικὸς
894 1757 1107 1830 σατυρογράφος.
1146 1757 1213 1814 Sero
1237 1773 1288 1814 nec
1311 1766 1375 1815 ante

147 1850 262 1920 Pompei
285 1849 389 1906 bellum
407 1849 561 1905 Astatioum
585 1847 741 1903 litterarum
764 1847 857 1902 studin
879 1845 951 1916 apud
972 1846 1120 1902 Tarsenses
1143 1845 1297 1903 effloruere.
1334 1847 1375 1904 Gt.

147 1945 259 2010 praeter
284 1939 447 1996 Strabonem
472 1937 663 1994 casaubonum
688 1937 731 1992 ‘de
754 1936 873 2007 satyrica
894 1935 1063 1992 Graecorum
1081 1935 1167 2005 podsi'
1190 1953 1217 2006 p.
1238 1939 1288 1994 153
1306 1954 1375 2008 sqq,

148 2047 215 2101 prae
234 2029 335 2099 quibus
353 2028 433 2084 nihili
451 2034 494 2084 est
513 2027 705 2084 Scheuerleeri
722 2024 877 2096 loquacitas
894 2041 920 2094 p.
934 2025 968 2080 51
999 2023 1137 2080 Videntur
1155 2024 1241 2096 igitur
1252 2026 1376 2096 Magneti

149 2135 282 2190 suppares
300 2117 384 2173 fuisse
402 2117 473 2172 Bion
491 2122 520 2172 et
538 2115 704 2172 Demetrius.

219 2223 243 2262 c.
261 2206 461 2262 Aristonum
480 2205 534 2261 VII
555 2209 606 2261 164
629 2205 698 2266 ἕκτος
711 2202 896 2273 Ἀλεξανδρεὺς
914 2200 1118 2273 πτριττατητοκὸς
1136 2217 1255 2259 coaevus
1273 2205 1375 2262 (licitur

148 2314 165 2353 a
183 2295 318 2352 Strabone
337 2312 363 2365 p.
382 2297 435 2351 730
455 2295 521 2365 [etsi
539 2295 598 2349 eius
616 2300 732 2348 mortem
749 2293 822 2348 idem
840 2292 911 2347 vidit
931 2291 1030 2346 Strabo
1048 2309 1075 2362 p.
1095 2293 1168 2364 658].
1205 2295 1292 2364 Atqui
1309 2311 1374 2366 pro·

146 2387 220 2441 xima
245 2391 308 2456 post
332 2384 504 2439 Demetrium
529 2388 621 2438 aetate
643 2382 712 2438 vluit
736 2381 849 2438 Strabo:
874 2397 945 2437 anno
969 2383 1003 2437 63
1031 2385 1112 2436 natus
1136 2381 1239 2439 Romae
1264 2384 1375 2456 scripsit

147 2474 341 2546 geographiam
362 2473 442 2543 ralla
460 2489 487 2542 p.
507 2471 571 2527 (lhr.
591 2469 638 2543 [cf.
657 2471 740 2527 Niese
760 2472 854 2528 Herm.
872 2470 941 2526 XIII
959 2488 987 2541 p.
1006 2473 1040 2527 38
1059 2472 1130 2544 sqq]

218 2565 246 2620 d.
264 2563 526 2632 Xenophontum
545 2561 576 2614 Π
591 2563 625 2618 59
649 2566 737 2632 τρίτος
762 2563 853 2634 ἰατρὸς
870 2564 955 2634 Κῷος.
992 2561 1096 2616 Medici
1118 2560 1174 2618 duo
1196 2563 1376 2620 innotuerunt

147 2656 352 2724 Xenophontas,
371 2652 442 2708 alter
460 2651 624 2708 Erasistrati
643 2650 793 2721 discipulus
813 2650 858 2723 [cf.
873 2651 971 2707 Galeni
990 2651 1127 2721 isagogam
1144 2651 1211 2708 XIV
1228 2670 1255 2723 p.
1269 2656 1321 2710 699
1334 2670 1374 2725 sq.

146 2746 243 2814 Ruhn]
264 2759 287 2796 c.
307 2744 367 2811 950,
391 2743 483 2813 patria
507 2740 639 2797 oriundus
665 2741 779 2811 incerta,
803 2743 913 2812 ignotus
936 2741 994 2810 ipse
1020 2741 1091 2810 [nam
1114 2755 1164 2796 cur
1181 2741 1319 2798 Haeserus
1337 2743 1374 2799 ib.

146 2852 173 2905 p.
193 2837 245 2891 969
264 2849 326 2888 eum
344 2832 430 2889 (Ioum
449 2831 550 2887 dixerit
568 2830 670 2899 nescio,
690 2831 713 2886 si
732 2831 842 2901 quidem
855 2830 1029 2900 Aurelianus,
1049 2846 1129 2900 quem
1141 2831 1279 2888 Haeserus
1296 2839 1374 2890 ante-

147 2931 238 2981 statnr
255 2925 298 2980 ‘de
323 2922 426 2979 morbis
448 2921 536 2977 acutis
561 2926 589 2975 et
612 2920 758 2976 chronicis’
778 2921 806 2974 11
826 2924 858 2977 13
879 2920 934 2992 [ed.
957 2921 1073 2976 Ammau
1090 2921 1285 2978 amstelodami
1306 2925 1373 2981 1709

146 3033 174 3086 p.
193 3016 271 3086 416],
289 3013 407 3084 patriam
424 3028 480 3068 non
497 3011 689 3082 nuncupavit]‚
709 3011 756 3080 qni
774 3011 810 3067 de
829 3011 951 3066 externis
969 3009 1094 3081 corporis
1107 3011 1232 3080 partibus
1250 3012 1374 3085 scripsit3

146 3107 217 3162 alter
236 3104 344 3160 Claudii
360 3102 486 3160 Caesaris
503 3101 625 3158 medicus
642 3101 827 3156 nobilissImus
841 3101 913 3157 cous
932 3101 1042 3158 natione
1062 3100 1188 3173 [Tacitus
1206 3102 1295 3158 annal.
1310 3103 1374 3174 XII,

148 3198 191 3265 61,
211 3195 271 3266 67];
291 3194 365 3249 hunc
384 3192 469 3262 igitur
482 3191 516 3248 ad
529 3190 628 3246 indicis
641 3190 799 3246 memoriam
813 3190 912 3246 refero.
943 3189 1045 3247 Contra
1058 3189 1190 3261 Sprengel
1208 3192 1374 3264 ‘geschichte

147 3285 197 3342 der
215 3282 409 3341 araneikunde’
429 3281 443 3335 Ι
460 3297 487 3352 p.
507 3283 568 3337 604.

219 3391 241 3431 e.
261 3370 560 3430 Demetriornmv
582 3373 617 3428 48
645 3371 742 3444 ὄγδοος
770 3369 785 3426 ί
813 3373 960 3444 διατρίψας
987 3375 1016 3426 ἐν
1039 3369 1222 3445 Ἀλεξανδρείᾳ
1250 3373 1375 3446 σοφιστὴς

146 3470 241 3539 τέχνας
268 3463 412 3537 γεγραφώς
439 3461 589 3534 ῥητορικάς.
625 3461 666 3517 De
690 3477 745 3531 quo
768 3461 872 3517 frustra
895 3461 1108 3518 Scheuerleerus
1130 3478 1156 3531 p.
1180 3463 1214 3517 57
1234 3477 1273 3532 sq.
1313 3464 1375 3534 Ego

147 3554 248 3612 dubius
275 3554 377 3610 haereo
404 3558 518 3622 propter
545 3551 656 3608 nimiam
684 3552 801 3607 nomicis
828 3551 1019 3620 frequentiam.
1068 3551 1191 3608 Resita
1219 3553 1373 3610 sehabet:
1459 3583 1461 3588 ,

147 3643 414 3699 Alexandrinum
436 3642 563 3697 novimus
587 3641 739 3713 sophistam
763 3658 798 3697 ex
822 3642 925 3697 Galeno
952 3643 997 3711 [ad
1018 3641 1170 3712 Epigenem
1192 3642 1373 3713 nupera

147 3733 243 3805 Ruhn]
262 3731 393 3789 Favorini
412 3732 584 3788 Arelatensis
603 3738 632 3788 et
654 3732 774 3787 sodalem
793 3739 822 3788 et
840 3732 1005 3788 imitatorem
1024 3748 1110 3802 usque
1129 3732 1164 3788 ad
1184 3732 1281 3787 Galeni
1299 3738 1374 3788 aeta-

148 3831 204 3880 tem
221 3823 292 3879 mira
309 3822 427 3892 quadam
446 3822 595 3877 vivacitate
615 3821 782 3878 traductum.
818 3822 939 3878 Pronum
962 3828 1004 3878 est
1028 3822 1090 3878 illos
1108 3821 1138 3878 in
1156 3838 1240 3877 unum
1262 3822 1374 3878 coniun-

148 3929 221 3984 gere.
240 3944 272 3952 -
291 3911 555 3968 Heraclidarum
573 3912 600 3967 V
619 3914 652 3968 93
672 3913 744 3975 ἕκτος
760 3911 943 3984 Ἀλεξανδρεὺς
962 3913 1106 3986 γεγραφὼς
1118 3910 1149 3968 ul
1162 3913 1280 3984 Περσικὰ
1299 3913 1374 3968 ἰδιώ-

147 4024 221 4076 ματα
239 4017 274 4057 ne
293 4001 476 4057 confundatur
494 4016 556 4056 cum
574 4002 752 4072 grammatico
770 4003 950 4060 Aristarcheo
970 4002 1015 4074 [cl.
1029 4003 1169 4073 Apollonii
1181 4002 1293 4074 Dyscoli
1311 4019 1374 4074 syn·

148 4092 225 4150 taxirr
243 4092 271 4148 tn
283 4091 405 4148 Beldreri
422 4093 547 4150 anecdot.
565 4092 594 4146 11
607 4095 673 4163 585]
695 4094 845 4163 eodemque
864 4093 1003 4150 Ammonii
1021 4099 1134 4149 auctore
1154 4093 1199 4166 [de
1218 4091 1375 4153 differentia

148 4183 296 4240 verborum
315 4200 336 4239 a.
356 4201 382 4237 v.
400 4183 536 4255 σταφυλήν
554 4183 588 4239 ci.
608 4183 786 4240 Valckenarii
806 4183 894 4254 praet
912 4199 939 4254 p.
958 4184 1052 4240 xvm
1071 4199 1128 4253 sqq.
1166 4182 1295 4250 Lugduni
1311 4185 1373 4241 Bat.

150 4276 240 4344 1739}
275 4272 367 4329 Facile
386 4273 578 4344 percipiuntur
596 4273 759 4330 discrimina

221 4362 259 4434 ³⁷)
277 4363 366 4420 Video
385 4363 439 4419 lam
458 4364 614 4421 clintonum
635 4364 713 4436 [faeti
731 4363 796 4420 hell.
815 4381 841 4434 p.
854 4363 947 4419 XLIII
966 4363 1004 4434 n.]
1024 4377 1119 4417 verum
1137 4362 1270 4434 attigisse.
1297 4362 1374 4421 Haec

149 4454 236 4526 igitur
255 4454 381 4511 doctrina
399 4462 455 4510 tam
474 4461 553 4511 vetus
571 4461 621 4524 est,
640 4459 671 4510 ut
689 4455 743 4510 iam
760 4470 811 4525 pro
830 4468 901 4510 nova
919 4453 1062 4510 vendatur.
