3432 5400
1307 481 1370 542 123

190 662 245 720 καὶ
279 661 382 742 τρίτος
409 654 640 740 ἐπισημόιαιος
669 650 902 734 Σικυώνιος,
938 646 976 717 οὗ
1009 653 1095 718 ἐστιν
1128 653 1147 738 ὴ
1181 651 1379 738 πολυβιβλος

144 761 271 849 ἱστορία
294 762 375 849 ὑπὲρ
399 760 438 826 τὰ
463 753 489 824 λ’
514 760 627 843 βιβλία
652 756 847 840 ἔχουσαΗἿ.

236 871 355 935 Plenus
376 869 551 934 Aratmum
575 871 764 949 conspectus
789 868 939 949 scriptori
965 868 1197 934 obversabatur
1221 869 1377 936 librorum

144 978 301 1043 memoria
336 977 480 1042 eximius,
511 1013 553 1021 -
586 973 897 1055 Circumspiciendus
932 976 1079 1041 eruditus
1115 976 1377 1060 homonymorum

146 1087 309 1151 conlector
333 1089 408 1166 post
425 1082 647 1166 Apollonidcm
672 1081 712 1165 [c.
731 1082 773 1146 30
789 1102 821 1163 p.
840 1082 912 1147 Chr.
932 1083 987 1166 n.].
1017 1084 1237 1166 Biographum
1253 1086 1378 1151 Laerti-

145 1213 242 1257 anum
268 1210 433 1273 compara:
459 1190 620 1271 quadrant
644 1193 678 1252 et
701 1193 802 1252 testes
826 1193 860 1252 et
882 1188 1115 1272 homonymiae.
1162 1191 1268 1274 Atque
1298 1194 1378 1258 adeo

145 1299 355 1381 Apollonides
372 1297 558 1362 Nicaeensis
579 1297 664 1359 inter
680 1295 775 1360 huius
793 1300 940 1360 auctores
958 1299 1097 1362 decurrit
1113 1298 1198 1380 apud
1215 1299 1379 1364 Laertium

144 1406 192 1470 IX
210 1409 273 1470 109
298 1405 334 1467 ἐν
357 1403 403 1489 τῷ
426 1401 543 1491 πρώτῳ
566 1404 632 1465 τῶν
656 1405 701 1477 εἰς
723 1401 797 1478 τούς
821 1402 951 1478 σίλλους
974 1399 1214 1490 ὑπομνημάτων
1238 1405 1259 1468 ἃ
1283 1427 1379 1492 προσ-

145 1524 251 1598 φωνεῖ
278 1515 411 1597 Τιβερίῳ
441 1515 589 1594 Καίσαρι.

236 1619 287 1684 Ad
315 1619 450 1684 eandem
478 1620 578 1684 vitam
608 1617 723 1682 Suidas
752 1637 777 1682 s.
802 1638 831 1684 v.
855 1619 1011 1703 Ἄρατος,
1048 1620 1115 1684 sive
1145 1623 1305 1703 prompsit
1340 1641 1380 1686 ex

145 1727 308 1811 Hesychio
333 1729 399 1794 sive
423 1747 462 1792 ex
484 1726 676 1792 Arateorum
701 1725 819 1804 codice,
844 1725 1043 1790 revocandus
1067 1732 1126 1792 est.

631 2012 662 2067 a.
691 2012 735 2065 na
754 2009 894 2079 suyrns.

238 2155 432 2237 Sibyllarum
444 2155 540 2220 index
551 2153 774 2236 Hesychianus
787 2155 889 2238 [Suid.
904 2173 927 2218 s
938 2154 981 2237 u]
999 2155 1062 2218 iam
1075 2154 1232 2220 Clementi
1243 2156 1380 2222 Alexan-

147 2265 242 2329 drino
275 2263 416 2328 innotuit
444 2282 474 2342 p.
502 2263 564 2324 144
593 2260 731 2343 Sylbu1·g
764 2266 835 2326 octo
867 2262 1066 2326 enumeranti
1094 2262 1199 2344 Phyto
1230 2264 1379 2345 Samiam,

148 2370 394 2452 Colophoniam,
431 2369 622 2448 Cumanam,
658 2368 885 2450 Erythraeam,
921 2369 1094 2451 Phrygiam
1130 2371 1379 2453 Taraxandram,

147 2479 386 2558 Macedoniam,
416 2476 613 2558 Thessalam,
644 2475 890 2557 Thesprotidem
921 2475 974 2560 [cf.
1000 2477 1076 2542 diss,
1108 2478 1163 2542 ‘de
1188 2478 1381 2561 Sibyllarum

148 2586 322 2652 indicibus'
360 2607 390 2667 p.
418 2585 484 2668 55],
537 2584 586 2648 Ex
620 2583 751 2649 eodem
783 2583 888 2648 indice
918 2583 1064 2649 Clemens
1093 2605 1124 2666 p.
1150 2587 1211 2649 139
1243 2586 1380 2668 Sylhurg

147 2695 229 2759 haec
244 2694 397 2775 repetivit
411 2729 455 2740 -·
471 2692 554 2756 solet
571 2691 656 2756 enim
676 2691 838 2756 dissecare
854 2711 936 2772 quac
952 2692 1073 2756 invenit
1097 2693 1182 2756 inter
1199 2713 1233 2757 se
1250 2713 1379 2774 conexa,

148 2803 189 2868 cl.
214 2803 313 2868 etiam
335 2801 512 2867 Dielesium
536 2798 627 2883 [mus.
655 2798 744 2863 rhen.
770 2799 878 2862 XXXI
899 2819 930 2880 p.
948 2801 991 2862 34
1007 2797 1119 2885 ο.]-;

342 2905 466 2960 Clemens
485 2904 502 2958 l.
522 2921 544 2956 c.
762 2905 765 2984 l
1005 2904 1080 2960 Suid.
1100 2922 1120 2958 a.
1135 2922 1158 2958 v.

150 3016 239 3082 ἄλλα
279 3023 333 3080 καὶ
367 3015 386 3100 ίη
419 3016 564 3098 Σίβυλλα
596 3013 740 3101 Ὀρφέως

149 3127 371 3211 παλαιοτέρα·
405 3124 556 3204 λέγονται
588 3125 651 3209 ηοὶρ
686 3129 739 3186 καὶ

151 3235 227 3318 περὶ
260 3235 313 3316 τῆς
346 3233 532 3317 ἐπωνυμίας
559 3227 658 3316 αὐτῆς
684 3237 738 3294 καί
794 3235 910 3296 ΗΣ.
927 3233 1089 3317 Φρυγία,
1107 3229 1125 3314 ἡ
1142 3230 1300 3315 κληθεῖσα
1316 3229 1381 3297 ὑπό

152 3341 226 3426 περί
249 3343 314 3404 τῶν
336 3345 485 3423 χρησμῶν
512 3340 577 3402 τῶν
600 3361 738 3401 καοαπε-
793 3359 891 3402 τινων
905 3334 1126 3421 Ἀριεμιςηῧμ
1149 3335 1213 3400 ὑπὸ
1234 3337 1271 3401 δέ
1284 3362 1381 3402 τινων

153 3451 365 3532 φημισμένων
395 3445 515 3530 ἐκείνης
538 3447 624 3509 εἶναι
647 3443 738 3523 λόγον
795 3442 999 3531 Κασσάνδρα,
1024 3441 1135 3510 ἄλλων
1155 3443 1194 3509 δὲ
1215 3444 1380 3532 Ταραξοίν-

152 3554 297 3627 πλείους·
316 3556 499 3639 Φρυγίαν
514 3577 549 3615 τε
573 3548 675 3616 οὖσαν
689 3575 738 3614 κε·
763 3551 767 3640 l
793 3553 870 3638 δρα·
895 3553 949 3615 καί
972 3548 1054 3636 αὕτη
1078 3551 1252 3638 χρησμούς·

228 3798 278 3868 ¹³⁴)
296 3800 335 3854 Ut
352 3799 442 3867 patria
461 3799 542 3852 Arati
560 3805 657 3867 poetae
678 3800 744 3853 satis
763 3798 940 3868 significetur,
960 3801 1041 3854 docta
1058 3801 1092 3854 de
1111 3800 1227 3854 diversis
1245 3804 1382 3866 quotquot
1408 3866 1413 3874 .

154 3889 232 3942 fuere
263 3887 334 3942 Solis
361 3887 475 3942 urbibus
508 3887 639 3942 inseritur
669 3887 820 3955 disputatio
851 3888 952 3956 partim
980 3889 1013 3943 de
1041 3888 1227 3943 Eratosthene
1254 3886 1382 3955 primitus

155 3987 264 4045 sumpla
284 3976 330 4047 [cl.
348 3976 478 4030 Nieseunr
496 3994 564 4031 runs.
584 3978 660 4031 rhen.
676 3977 781 4030 XXXII
801 3979 893 4045 (1877)
911 3995 936 4045 p.
951 3980 1024 4046 aba}
1061 3977 1153 4032 Etiam
1172 3977 1286 4032 aliarum
1304 3977 1382 4030 adhi-

155 4069 256 4122 bentur
268 4066 456 4134 homonymiae
470 4067 544 4119 velut
560 4066 648 4120 Saidis
661 4073 689 4120 et
702 4067 879 4132 Athenarum,
893 4074 923 4118 ut
935 4066 1050 4134 patefiat
1063 4083 1143 4134 quum
1157 4083 1211 4120 non
1230 4066 1266 4118 sit
1283 4066 1381 4119 mirum

155 4161 179 4210 εί
198 4153 251 4208 ἀπὸ
274 4156 318 4208 τοῦ
342 4155 420 4208 αὐτοῦ
443 4155 574 4226 ὀνόματος
599 4152 716 4224 ιλιαιμορα
740 4155 790 4205 τῶν
816 4157 928 4207 πολιτῶν
949 4151 980 4208 αἱ
1002 4155 1127 4226 ὀνόμαια.
1165 4156 1197 4208 In
1217 4154 1382 4208 Favorinum

156 4245 224 4298 haec
245 4260 355 4311 quoque
375 4243 512 4311 quadrant
531 4243 575 4313 [cf.
588 4243 781 4296 Niotzschcum
800 4258 868 4295 mus.
881 4242 957 4296 rhen.
975 4244 1070 4297 XXIII
1090 4244 1179 4312 [1869]
1198 4260 1225 4310 p.
1239 4245 1290 4298 642
1303 4246 1382 4313 sqq.]·

156 4338 195 4388 At
214 4342 328 4401 possunt
346 4333 380 4387 ab
399 4349 532 4401 anonymo
553 4333 624 4386 vitae
645 4333 778 4400 scriptore
798 4332 905 4387 aliunde
925 4335 1035 4388 invectu
1053 4349 1121 4386 esse.

232 4420 281 4490 ¹³⁵)
299 4421 431 4491 ιΣάρυσις’
451 4421 529 4476 codd.
548 4421 690 4476 emendavi
709 4420 755 4490 [cl.
775 4421 910 4491 Philolog.
931 4423 1177 4489 Untersuchungen
1195 4420 1244 4489 11].
