3432 5400
1327 483 1388 546 147

174 663 245 728 dem
257 664 298 729 de
310 681 408 730 causa
419 663 539 730 totiens
553 661 703 728 Fauorini
715 679 831 728 nomeu
840 660 957 742 posuit,
976 659 1003 726 si
1016 661 1123 726 omnia
1134 678 1173 725 ex
1185 677 1222 724 eo
1235 660 1392 741 sumpsit?

174 787 229 836 cur
244 789 310 838 non
327 769 439 836 eodem
454 769 549 836 modo
565 789 628 852 quo
646 768 754 850 ceteri,
772 785 852 852 quos
870 767 990 834 eisdem
1006 766 1148 834 lontibus
1165 785 1241 834 usos
1254 784 1324 832 esse
1338 766 1391 832 de-

172 878 370 960 monstrasti,
393 876 514 944 furtum
537 877 674 944 celavit?
711 877 822 958 paucis
845 875 930 942 hunc
952 875 1056 943 locum
1079 875 1220 955 absoluo,
1244 879 1392 957 poteram

172 983 299 1051 infinita
313 985 411 1070 loqui,
435 1004 509 1052 nam
525 985 656 1070 quaevis
671 985 791 1067 pagina
813 983 898 1049 idem
917 983 1043 1064 probat.
1080 983 1124 1049 sit
1138 1002 1246 1063 unum,
1271 983 1392 1064 grauis·

172 1092 288 1158 simum
311 1111 399 1174 sane,
422 1093 526 1158 instar
546 1091 695 1158 omnium.
719 1091 824 1158 11137
849 1089 995 1158 Platonis
1014 1091 1254 1173 Rempublicam
1270 1090 1393 1156 Aristo·

171 1219 273 1266 xenns
300 1200 380 1266 dicit
406 1199 520 1266 πᾶσαν
542 1196 660 1281 σχεδὸν
688 1197 725 1264 ἒν
753 1209 820 1274 τοῖς
845 1197 1062 1288 Πρωταγόρου
1089 1195 1280 1285 γεγράφθαι
1308 1193 1392 1264 ἀντι-

172 1305 320 1388 λυγικοτς.
379 1307 522 1374 eiusdem
550 1306 625 1372 libri
652 1306 671 1389 ᾗ
695 1307 736 1372 57
765 1305 1006 1388 Rempublicam
1041 1303 1246 1392 εὑρίσκεσθαι
1278 1303 1394 1388 σχεδὸν

171 1410 252 1502 ὅλην
266 1413 359 1503 παρὰ
377 1411 580 1504 Πρωταγόρᾳ
599 1412 637 1479 ἐν
657 1425 723 1489 τοῖς
743 1410 955 1495 &notanimis
969 1414 1147 1481 Favorinus
1163 1413 1241 1480 dicit
1256 1414 1289 1480 in
1302 1414 1338 1480 0.
1352 1414 1392 1479 H.

171 1521 286 1590 hocine
309 1523 446 1606 Diogeni
469 1519 653 1605 imprudenti
682 1522 822 1590 excidit?
856 1541 931 1590 nam
953 1522 1099 1590 consulto
1127 1541 1200 1588 enm
1222 1521 1272 1588 bis
1295 1521 1393 1604 adpo·

172 1630 275 1696 suisse
299 1629 393 1712 idem,
417 1629 516 1696 semel
538 1628 703 1695 nominato
724 1647 782 1696 suo
798 1633 940 1712 auctore,
964 1631 1064 1698 semel
1087 1630 1227 1696 auctoris
1250 1635 1392 1711 auctore,

171 1756 212 1803 ne
235 1739 373 1822 cogitari
396 1739 525 1822 quidem
546 1741 665 1819 potest.
706 1741 818 1804 contra
845 1755 936 1804 error
962 1737 1143 1818 facillimus,
1168 1738 1196 1804 si
1218 1737 1305 1802 vitae
1329 1737 1394 1802 cui·

172 1845 246 1912 dam
269 1866 365 1930 quam
393 1846 553 1930 integram
580 1844 736 1910 describit
764 1863 803 1911 ex
825 1845 929 1912 altero
951 1846 1051 1926 libro,
1078 1845 1236 1910 Favorino
1261 1844 1392 1926 scilicet,

173 1955 310 2036 carptim
332 1954 471 2038 paucula
492 1952 667 2036 adspergit.
704 1950 867 2019 sufficeret
888 1953 967 2020 mihi
989 1953 1042 2020 hic
1065 1971 1147 2020 unus
1169 1953 1258 2018 locus
1281 1957 1318 2018 ut
1332 1952 1393 2017 Fa-

171 2062 318 2128 uorinum
341 2081 361 2128 a
383 2067 540 2146 perpetuo
560 2059 715 2142 Diogenis
736 2059 825 2128 fonte
849 2079 1057 2128 secernerem.
1093 2060 1158 2125 iam
1172 2060 1245 2142 plus
1269 2058 1392 2126 doceat.

172 2170 306 2252 sufficet,
328 2169 380 2236 iac
401 2170 578 2254 Diogenem
601 2168 867 2236 animadvertisse
890 2188 926 2236 se
948 2169 998 2236 bis
1021 2168 1106 2234 idem
1128 2167 1244 2248 dicere,
1269 2167 1394 2234 delesse

172 2284 280 2344 autem
303 2279 487 2346 Aristoxeni
515 2296 647 2358 nomen,
676 2293 747 2342 curn
774 2276 948 2344 lectoribus
978 2277 1045 2343 suis
1067 2275 1260 2342 Favorinum
1283 2294 1394 2359 accep·

171 2385 304 2452 tiorem·
317 2404 389 2452 esse
417 2386 523 2453 sciret.
570 2384 621 2452 lac
648 2403 830 2466 recurrere,
859 2404 898 2450 ex
925 2385 1116 2453 Aristoxeno
1145 2384 1281 2465 scilicet,
1310 2384 1394 2450 idem

172 2496 258 2576 apud
282 2495 479 2562 Clementem
501 2498 558 2560 aut
579 2493 788 2576 Hesychium:
821 2491 1009 2560 adfirmares
1036 2498 1073 2558 tu
1095 2491 1300 2558 manifestum
1324 2511 1395 2558 esse

171 2599 322 2669 Fauorini
344 2602 530 2684 uestigium,
559 2600 747 2668 defenderes
770 2600 853 2666 hanc
875 2600 1068 2668 seutentiam
1092 2618 1162 2665 cum
1186 2601 1292 2682 specie
1315 2601 1393 2682 veri,

171 2726 344 2776 exornares
366 2709 493 2776 blandis
516 2709 672 2776 acuminis
696 2712 729 2774 et
752 2709 916 2776 doctrinae
932 2707 1113 2776 lenociniis:
1143 2726 1181 2773 ac
1203 2713 1312 2774 tamen
1335 2706 1394 2772 fal·

171 2814 256 2884 leres
279 2822 313 2884 te
336 2817 440 2900 ipsum
463 2821 560 2899 atque
584 2834 693 2884 omnes
717 2815 832 2898 quibus
855 2822 944 2882 tuam
962 2817 1144 2898 opinionem
1166 2816 1390 2897 persuaderes.

171 2922 243 2990 vide
267 2925 332 2991 iam
359 2924 544 2992 Aristotelis
574 2923 615 2990 de
645 2923 850 3007 sycophantia
877 2924 994 2990 Atticis
1024 2922 1277 3005 apophthegm,
1308 2921 1393 3005 quod

171 3029 333 3116 Diogenes
348 3033 412 3098 V9
437 3051 476 3098 ex
497 3031 655 3097 Fauorino
678 3029 785 3098 habet.
821 3030 908 3114 quod
930 3049 1001 3096 cum
1023 3029 1137 3097 redeat
1159 3030 1192 3094 iu
1214 3029 1392 3098 Ptolemaei

169 3137 339 3224 Peregrini
361 3139 438 3220 vita,
461 3138 522 3205 tibi
541 3138 636 3204 unica
657 3135 719 3204 brit
741 3155 829 3219 ansa,
854 3157 910 3204 cur
932 3137 1015 3204 hanc
1028 3137 1128 3204 vitam
1144 3136 1186 3202 ad
1199 3136 1392 3204 Favorinum

170 3265 340 3318 revocares
367 3267 399 3330 p.
429 3249 481 3314 86.
540 3246 630 3331 atqui
662 3246 867 3314 Ptolemaeus
910 3246 1016 3328 ipsum
1054 3245 1226 3328 adscripsit
1263 3250 1389 3328 testem,

170 3356 344 3438 epistulam
371 3355 557 3422 Aristotelis
586 3354 628 3421 ad
654 3354 861 3436 Antipatrum
886 3353 1025 3420 missam.
1072 3354 1189 3420 licetne
1217 3354 1317 3436 igitur
1345 3356 1392 3422 ita

170 3465 394 3545 procederent
406 3464 541 3530 eundem
551 3467 668 3529 testem
680 3481 700 3528 a
710 3462 869 3530 Favorino
882 3462 1055 3529 excitatum
1067 3479 1147 3542 esse,
1165 3461 1223 3528 sed
1234 3463 1274 3528 ab
1287 3462 1390 3530 altero

171 3572 371 3656 conpilatore
387 3572 538 3638 omissum
562 3589 633 3638 esse
649 3570 863 3637 arbitremur?
887 3570 1035 3637 similiter
1057 3571 1091 3636 in
1113 3590 1178 3636 una
1199 3571 1258 3636 illa
1279 3589 1390 3637 narra-

170 3679 260 3747 tione
276 3697 329 3746 res
343 3697 380 3745 se
394 3678 494 3745 habet
508 3697 572 3763 qua
593 3696 664 3744 cum
684 3682 721 3744 tn
742 3681 811 3744 tum
830 3697 890 3762 ego
906 3679 976 3760 ipse
993 3678 1069 3744 olim
1085 3678 1214 3744 deducti
1230 3696 1338 3744 sumus
1353 3684 1390 3743 ut

170 3785 321 3854 Numenii
332 3785 541 3869 biographica
552 3786 594 3852 ad
604 3786 797 3854 Fauorinum
809 3784 1011 3852 referremus.
1048 3786 1158 3852 dixisti
1171 3787 1210 3852 de
1224 3805 1262 3852 ea
1273 3787 1386 3869 p.113.

170 3895 228 3962 sed
239 3894 297 3960 ubi
307 3894 415 3977 paullo
428 3894 584 3961 attentius
595 3897 697 3960 testes
708 3894 794 3961 iuter
806 3873 840 3960 se
856 3895 1091 3977 comparaveris
1105 3899 1274 3961 evanescet
1286 3895 1388 3961 omnis

169 4000 266 4070 huius
289 4002 479 4086 suspicionis
501 4001 722 4084 probabilitas.
758 4021 833 4070 nam
850 4003 1011 4087 Diogenes
1033 4001 1092 4085 (IV
1116 4001 1172 4088 63)
1197 4002 1388 4069 eFavorino

169 4116 293 4192 narrat,
317 4109 514 4178 Carneadem
529 4129 600 4176 cum
616 4110 896 4179 animaduertisset
918 4111 1074 4193 paelicem
1094 4129 1184 4176 suam
1207 4111 1388 4177 aMentore

170 4218 328 4301 discipulo
352 4218 521 4301 cornampi,
546 4219 656 4285 schola
675 4219 705 4285 ei
727 4220 931 4287 interdixisse
946 4218 1091 4285 versibus
1105 4217 1285 4284 Homericis
1309 4220 1389 4286 scite

170 4327 213 4393 ad
237 4345 365 4393 causam
393 4325 540 4408 deflexis,
568 4345 627 4394 nec
653 4328 759 4394 minus
781 4328 862 4394 scito
890 4344 1044 4410 responso
1069 4325 1248 4392 Mentorem
1271 4327 1389 4394 abiisse

170 4438 207 4500 ut
228 4434 300 4517 ipse
323 4432 497 4517 discipulos
520 4434 553 4499 in
576 4435 740 4517 propriam
768 4435 909 4504 scholam
937 4439 1075 4517 cogeret.
1123 4434 1299 4502 Numenius
1320 4455 1389 4502 rem

1178 4541 1229 4595 10*
