3432 5400
1315 505 1377 570 137

154 675 359 758 Συρακοσίαν
386 669 443 758 την
472 668 621 759 ἀδελφὴν
651 679 778 751 Δίωνος
805 676 860 741 καί
887 677 945 763 τη’ν
976 679 1144 765 Λοκρίδα·
1173 683 1238 760 εἶχε
1264 682 1303 747 δὲ
1325 689 1380 749 καί

154 773 302 864 δόελφὴν
328 785 498 867 Λεπτίνην
521 779 540 846 ό
562 781 739 858 Διονύσιος.

245 885 283 952 cf.
306 886 392 953 Plut.
416 888 509 954 Dion.
535 908 561 955 c.
584 890 604 954 3
630 886 805 965 Διονύσιος
831 889 867 952 δὲ
895 891 1009 970 ἄγεται
1037 890 1096 958 δύο
1125 904 1283 972 γυναίκας
1310 893 1381 979 ἅμα

154 991 216 1078 τὴν
235 995 296 1075 μὲν
318 991 353 1057 ἐκ
372 995 511 1081 Λοκρόν
534 997 643 1081 ὄνομα
660 996 801 1084 Δωρίδα,
823 998 881 1082 τὴν
897 997 926 1060 δ’
941 995 1117 1083 ἐπιχωρίαν
1132 995 1379 1088 Ἀριστομάχην·

154 1099 282 1178 λέγεται
316 1099 353 1165 δέ
379 1097 484 1189 ἡμέρᾳ
510 1106 571 1185 μὲν
598 1099 753 1188 ἑκατέραν
781 1099 968 1183 ἀγαγέσθαι
995 1107 1067 1188 μιᾷ.
1104 1105 1150 1172 Cf.
1169 1111 1238 1174 c.4
1267 1107 1381 1195 ταύτης

155 1206 425 1297 [Aristomachae]
459 1203 606 1295 ἀδελφός
639 1210 685 1276 τόν
720 1215 820 1276 Δίων.
863 1229 889 1276 c.
926 1214 946 1275 9
984 1215 1150 1299 Λεπτίνης
1184 1211 1202 1277 ὃ
1236 1210 1382 1301 ἀδελφός

159 1313 344 1398 [Dionysiu.

245 1420 359 1503 Pergit
382 1423 630 1506 olympiodorus
657 1424 678 1488 l.
704 1442 730 1488 c.
754 1423 840 1502 λέγει
867 1427 978 1490 τοίνυν
1006 1422 1023 1490 ό
1051 1430 1142 1490 Δίων
1163 1427 1206 1513 τῷ
1229 1425 1382 1493 Πλάτωνι

156 1521 205 1592 ότι
229 1525 338 1609 ἔντυχε
353 1529 398 1616 τῷ
414 1535 591 1617 Διονυσίῳ·
615 1530 699 1607 είκός
721 1535 850 1606 πείθεις
872 1525 977 1598 αδτόν
999 1543 1065 1608 τοῖς
1088 1532 1198 1612 λόγοις
1213 1535 1383 1621 σωφρόνως

156 1632 417 1700 πολιτεύσασθαι
447 1643 502 1702 καὶ
532 1636 637 1724 σῴζεις
664 1635 741 1712 ὅλας
768 1634 891 1712 πόλεις·
920 1633 941 1702 ό
967 1638 999 1702 δ’
1028 1641 1117 1716 εἴξας
1144 1639 1182 1731 τῇ
1211 1641 1305 1724 φιλίᾳ
1329 1639 1383 1706 ἐν·

156 1739 306 1822 τυγχάνει
328 1739 423 1832 αὐτῷ.
463 1745 613 1811 Liberius
636 1745 744 1810 reddit
758 1745 842 1811 Plut.
860 1747 881 1810 4
905 1743 947 1820 ώς
968 1747 1099 1831 πρῶτον
1122 1746 1211 1832 [Dio]
1228 1745 1383 1826 ἐγεύσατο

158 1847 257 1928 λόγου
292 1850 347 1914 καὶ
383 1850 581 1937 φιλοσοφίας
611 1849 798 1936 ἡγεμονικῆς
827 1853 909 1936 πρός
938 1847 1069 1940 άρετήν,
1105 1853 1294 1939 ἀνεφλέχθη
1324 1852 1383 1938 την

157 1954 265 2043 ψυχήν
300 2008 332 2024 ..
366 1963 421 2022 καὶ
453 1956 676 2046 προσδοκήσας
710 1955 776 2024 ont
811 1965 877 2024 τῶν
911 1954 1018 2024 αὐτῶν
1048 1957 1157 2038 λόγων
1190 1958 1290 2043 ὅμοια
1318 1966 1383 2024 πεί-

158 2068 279 2128 σεσθαι
304 2063 490 2142 Διονύσιον,
517 2065 701 2131 ἐσπούδασε
722 2063 778 2129 καί
800 2065 998 2152 διεπράξατο
1021 2065 1243 2152 ποιησόμενος
1265 2066 1384 2152 σχολήν

163 2163 261 2234 αὐτόν
284 2168 426 2252 ἐντυχεῖν
451 2171 603 2239 Πλάτωνι
625 2172 680 2236 καί
702 2167 845 2238 ἇκούσαι.

250 2276 401 2361 Sequitur
447 2279 533 2362 apud
571 2279 833 2363 olympiodorum
879 2279 1081 2361 conloquium
1128 2297 1167 2344 ex
1204 2277 1399 2360 Porphyrio.
1454 2261 1460 2264 ’

159 2384 324 2465 adsutum3
359 2385 474 2452 deinde
508 2387 653 2452 Platonis
687 2387 829 2453 venditio
864 2405 905 2452 ex
931 2387 1119 2452 Plutarcho:
1173 2384 1243 2450 ἐπεὶ
1275 2389 1386 2451 τοίνυν

159 2488 217 2560 οὐκ
240 2491 385 2579 ἐφείδετο
408 2489 517 2570 αὐτοῦ,
541 2489 628 2557 ἀλλά
652 2491 693 2558 τὰ
713 2490 869 2558 κάλλιστα
885 2490 1112 2575 συνεβούλευεν
1127 2488 1223 2580 αὐτῷ,
1241 2488 1386 2578 ὠργίζετο

162 2601 217 2665 καί
243 2600 434 2686 ἐφλέμαινε·
463 2605 519 2663 καί
547 2621 630 2676 τινες
659 2604 719 2684 μέν
742 2615 858 2686 φασιν,
889 2597 938 2666 ὅτι
966 2597 1094 2665 όΔίων
1122 2599 1316 2685 εὐλαβηθεὶς
1345 2598 1389 2683 μή

162 2731 230 2782 πως
264 2705 527 2795 ἐπιβουλεύσῃ..
553 2705 572 2772 ό
598 2705 771 2782 Διονύσιος
803 2707 895 2796 ᾔτησε
922 2705 1079 2792 Πόλλητά
1111 2730 1183 2772 τινα
1213 2705 1387 2792 στρατηγόν

165 2816 439 2897 Λακεδαιμονίων
461 2812 581 2902 νύκτωρ
600 2813 770 2902 ἐκπορίσαι
785 2809 886 2881 αἰτόν
901 2812 956 2878 ἐπὶ
970 2813 1029 2890 τάς
1037 2809 1190 2898 Ἀθήνας,
1213 2820 1268 2878 ίνα
1284 2811 1385 2899 λάθη.

162 2907 246 2988 Plut.
283 2923 345 2988 Diu
380 2941 405 2987 c.
432 2923 461 2987 5.
488 2972 516 2988 ..
542 2921 573 2988 οί
605 2919 668 3006 μὲν
703 2918 761 2988 οὖν
794 2927 866 3008 περὶ
899 2919 958 2987 τόν
991 2927 1101 2986 Δίωνα
1134 2918 1194 2986 τόν
1228 2917 1388 2986 Πλάτωνα

163 3026 349 3094 σπεύδοντα
374 3032 613 3112 συνεξέπεμπον
635 3028 690 3092 ἐπὶ
710 3027 870 3114 τριήρους,
897 3025 918 3111 ἢ
942 3025 1065 3094 Πόλλιν
1096 3025 1240 3112 ἐκόμιζεν
1263 3028 1308 3102 είς
1329 3028 1387 3110 τὴν

157 3133 300 3202 Ἑλλάδα
334 3140 391 3200 τὸν
408 3134 633 3223 Σπαρτιάτην.
688 3135 951 3218 Olympiodorus:
991 3135 1089 3199 ἄλλοι
1107 3134 1160 3198 Δδέ
1188 3149 1302 3219 φασιν,
1338 3129 1389 3196 ότι

164 3239 261 3318 αὐτός
290 3238 309 3308 ό
336 3240 510 3318 Διονύσιος
538 3244 610 3306 είπε
637 3245 680 3329 τῷ
708 3241 853 3330 Πόλλητι
882 3242 995 3328 λα’θρα
1025 3245 1079 3305 ίνα
1107 3235 1209 3305 αὐτόν
1235 3237 1387 3326 ἐκβάλλῃ·

164 3355 219 3414 καί
252 3347 420 3434 ἐξεβλήθη.
458 3349 495 3415 cf.
531 3349 615 3416 Plut.
651 3350 713 3414 Dio
749 3346 842 3434 51⁴⁹).
878 3387 923 3396 -
951 3348 1115 3414 Adnexuit
1142 3347 1388 3429 olympiodorus

164 3459 382 3523 narrationem
406 3458 446 3522 de
461 3456 654 3522 Anniceride
678 3475 716 3521 cx
731 3456 924 3539 Porphyri03
950 3460 1058 3520 cetera
1082 3472 1121 3519 cx
1135 3452 1308 3519 Plutarcho
1324 3471 1389 3517 non

166 3566 234 3630 siue
259 3565 477 3646 perversitate
508 3564 679 3645 exscripsit
706 3564 826 3644 omnia,
855 3582 938 3646 quae
962 3562 1135 3644 compilare
1158 3562 1242 3627 nolo.
1290 3561 1389 3626 Vides

167 3671 386 3755 Olympiodori
409 3673 636 3738 auctoritatem
658 3691 700 3737 ne
723 3671 775 3736 hic
798 3671 927 3753 quidem
950 3687 1022 3736 esse
1045 3669 1268 3735 adhibendam.

493 3956 555 4012 111.
583 3954 781 4011 Philodamus
799 3952 837 4009 do
855 3950 1058 4022 phuosouhis.

257 4101 306 4164 Ex
328 4099 507 4166 Philodami
536 4099 576 4164 de
603 4098 804 4180 philosophis
836 4115 933 4179 opere
958 4094 1092 4161 indiculi
1115 4098 1288 4175 supersunt
1310 4094 1391 4159 Aca-

168 4208 363 4274 demicorum
394 4212 427 4273 et
456 4207 650 4286 Stoicorum,
680 4205 736 4271 ille
766 4205 872 4271 editus
902 4201 1122 4268 aBiichelero
1152 4205 1392 4283 programmate

244 4349 294 4419 14⁹)
313 4349 422 4417 Scripta
433 4347 577 4403 Plutarchi
596 4354 624 4402 et
642 4347 760 4417 genuina
777 4351 806 4402 et
824 4345 917 4415 spuria
930 4341 1136 4412 Neoplatouicis
1146 4347 1214 4396 uota
1225 4345 1303 4395 crant
1316 4339 1393 4396 velut

168 4440 295 4510 Eunapio
314 4439 387 4494 vitae
405 4439 552 4508 parallelae
572 4437 616 4507 [cl.
635 4439 649 4492 I
666 4455 693 4508 μ
712 4441 729 4494 4
749 4437 791 4492 cd.
809 4433 976 4491 Boissonade
996 4430 1189 4488 Amstelodami
1211 4431 1303 4501 1822}
