3432 5400
521 647 644 702 Clemens
664 647 764 701 Strom.
784 647 805 700 Ι.
985 647 989 732 ί
1224 645 1352 698 Laertius
1370 645 1392 696 I.

372 766 609 848 Χαμαιλέων
640 763 681 829 δὲ
715 765 756 829 δν
790 771 838 850 τῷ
870 763 958 850 περὶ
1013 765 1056 830 ib.
1087 765 1200 829 τούτου
1224 762 1398 852 [Thaletis]
1421 766 1456 828 τὸ
1483 768 1598 843 ιγναῑθι

372 877 471 938 θεῶν
500 871 649 952 Θαλοῦ,
673 867 889 958 Ἀριστοτέλης
922 869 960 933 δὲ
1014 869 1147 938 σαάτάν.

376 983 519 1054 Πυθίας.

373 1088 454 1169 §61
494 1083 604 1150 Πάλιν
638 1082 681 1150 αὖ
711 1088 882 1152 Χείλωνι
915 1093 959 1173 τῷ
1014 1088 1056 1154 ib.
1087 1089 1138 1152 41.
1186 1086 1429 1170 διαφωνοῦνται
1470 1085 1508 1149 δὲ
1545 1085 1596 1148 καὶ

373 1191 627 1276 Λακεδαιμονίῳ
673 1188 879 1278 ἀναφέρουσι
923 1190 959 1256 τὸ
1013 1189 1202 1278 ἀποφάσεις
1239 1189 1359 1273 αὐτῶν,
1405 1198 1461 1255 καὶ
1497 1193 1595 1256 ἄλλον

375 1297 486 1384 ιμηδὲν
509 1299 616 1377 ἄγαν]
1014 1301 1097 1365 ἄλλο
1122 1306 1224 1384 φασιν
1246 1303 1340 1381 εἶναι,
1364 1297 1405 1374 ὡς
1427 1299 1545 1364 ἐκεῖνο·

1015 1406 1064 1492 ιἢν
1094 1408 1368 1489 Λακεδαιμονίοις
1395 1406 1521 1471 Χείλων
1547 1424 1594 1471 συ-

1240 1515 1302 1597 φδς
1325 1514 1361 1588 ὃς
1383 1511 1454 1576 τάδ’
1479 1514 1549 1592 ἕλιξ
1571 1533 1577 1543 ·

1013 1623 1112 1708 μηδὲν
1127 1623 1228 1702 ἄγαν·
1253 1621 1356 1708 καιρῷ
1377 1618 1489 1686 πάντα
1504 1619 1592 1705 πρόσ-

1241 1747 1310 1794 εστι
1332 1727 1433 1793 καλά’
1446 1725 1524 1812 114¹’).

374 1828 553 1912 Στράτων
568 1824 612 1892 δὲ
627 1826 667 1891 ἐν
681 1830 730 1912 τῷ
744 1831 834 1912 περὶ
849 1825 959 1911 εὑρη-

373 1935 503 2019 μάτων
538 1930 796 2020 Στρατοδήμῳ
830 1933 873 2020 τῷ
905 1938 959 1998 Tc·

374 2040 472 2129 γεάτῃ
490 2038 668 2128 προσάπτει
683 2041 721 2105 τὸ
736 2035 958 2124 ἀπόφθεγμα·

375 2149 547 2233 Δίδυμος
592 2145 637 2214 δὲ
681 2143 831 2212 Σόλωνι
877 2143 958 2213 αὐτὸ
1014 2152 1099 2217 163
1144 2149 1317 2238 [Solonis]:
1365 2147 1589 2238 ἀπεφθέγξατο

375 2253 584 2340 ἀνατίθησιν,
596 2252 698 2340 ὥςπερ
714 2253 827 2337 ἀμέλει
839 2253 959 2320 Κλεο-
1016 2259 1053 2323 δέ
1074 2277 1156 2344 φασι
1181 2258 1292 2344 *μηδὲν
1315 2260 1424 2337 ἀγαν’.

375 2360 500 2448 βοάλῳ
522 2361 560 2426 τὸ
587 2362 713 2446 μέτρον
736 2362 895 2447 ἀριστον’·
1014 2369 1031 2433 Ι
1062 2369 1103 2432 93
1141 2365 1314 2454 [Cleobuli]
1349 2363 1589 2452 ἀπεφθέγξατο·

375 2467 412 2532 τὸ
422 2469 453 2533 δ’
473 2467 607 2550 ιιἐγγύα·
624 2466 716 2554 πάρα
728 2468 756 2532 δ’
770 2466 856 2533 άτα”
872 2469 961 2532 Κλε-
1017 2479 1143 2561 ιμέτρον
1166 2473 1315 2560 ἀριστον’.

377 2574 961 2662 ομένιγςμὲνδντῷπερὶἩσιό-

376 2684 446 2748 δον
473 2680 612 2770 Ὁμήρου
640 2682 718 2770 φρσὶ
748 2687 961 2768 προειρῆσθαι

377 2789 433 2854 διά
455 2789 593 2854 τούτων·

377 2895 497 2960 δειλαί
519 2919 569 2961 τοι
593 2895 709 2961 δειλῶν
723 2920 756 2960 τε
779 2896 833 2958 καὶ
848 2895 962 2974 ἐγγύαι

520 2997 746 3078 ἕγγυάασθαά.

374 3103 961 3192 οἶδε’περλἈριστυτέληΧεί-
1016 3111 1098 3176 173
1135 3108 1306 3197 [Chilonis]
1349 3107 1592 3196 ἀπεφθέγξατο·

374 3212 494 3286 λωνος
516 3207 598 3277 αάτδ
620 3214 816 3297 νομίζουσιν·
1017 3216 1140 3299 ίάγγιία·
1162 3215 1256 3305 πάρα
1281 3219 1309 3281 δ’
1336 3220 1426 3282 ἀτα’·

374 3319 550 3402 Δίδυμος
595 3317 632 3382 δὲ
679 3317 814 3384 Θαλοῦ
864 3338 963 3405 φησιν

376 3427 460 3488 εἶναι
483 3425 541 3508 τήν
565 3431 765 3511 παραίνεσιν.

376 3529 487 3596 ἔπειτα
505 3529 576 3618 ἑξῆς
590 3533 625 3596 τδ
643 3530 770 3608 ιπάντες
786 3531 962 3618 ἀνθρωττοι
1072 3595 1075 3600 .

376 3639 484 3703 κακά’
521 3634 540 3721 ἢ
570 3637 612 3704 ‘02
639 3639 785 3706 πλεῖστοι
812 3645 877 3706 τῶν
904 3637 962 3706 ἀν·

375 3745 522 3826 θρώπων
537 3747 641 3810 κακά’
660 3783 705 3793 -
720 3746 814 3828 διχῶς
834 3747 897 3834 γάρ
914 3746 962 3810 ἔκ-

377 3855 509 3937 φέρεται
532 3851 568 3918 τό
594 3848 675 3917 αδτδ
696 3850 903 3939 ἀπόφθεγμα
918 3893 962 3929 -.
1015 3856 1086 3921 188
1111 3856 1264 3941 [Biantis]
1288 3852 1532 3940 ἀπεφθέγξατο·
1556 3854 1597 3918 ‘oi

376 3958 412 4026 οἳ
428 3965 516 4045 περὶ
528 3957 717 4025 Σωτάδαν
732 3958 796 4025 τὸν
813 3958 962 4036 Βυζάν-
1017 3965 1164 4028 πλεῖστοι
1186 3943 1323 4028 κακοί·Ι

375 4091 456 4133 τιον
480 4071 649 4142 Βίαντος
670 4067 818 4147 λέγουσιν
841 4072 937 4134 είναι·

376 4181 431 4240 καί
452 4176 490 4239 τὸ
517 4175 641 4261 μελέτη
665 4170 776 4239 πάντα
799 4177 959 4262 καθαίρει’

449 4404 514 4475 11413)
534 4404 574 4459 ef.
594 4404 679 4460 schol.
699 4404 728 4458 in
746 4403 843 4474 Eurip.
862 4403 1041 4476 Hippolytum
1061 4409 1121 4462 264.
