3420 5408
1329 459 1372 524 55

146 635 304 704 historiae
331 655 394 704 non
425 642 475 702 est
506 636 591 719 quod
619 639 695 718 p'ost
718 635 857 704 Gellium
885 636 1118 718 praedicemus,
1139 641 1141 648 '
1164 636 1310 704 Vidimus
1337 639 1373 704 in

146 743 205 809 illa
227 745 326 810 etiam
349 745 389 810 de
411 743 508 810 rebus
530 743 795 827 homonymorum
818 781 858 794 -·
883 763 941 812 seu
963 744 1066 812 mavis
1088 745 1248 812 clarorum
1270 743 1372 813 homi·

145 871 223 924 num
247 889 290 900 —
313 849 412 917 fuisse
435 851 625 934 expositum.
1363 926 1367 934 ,

237 978 263 1025 c.
289 959 568 1026 ‘Testimoniorum
595 958 679 1024 mole
706 959 828 1024 indices
860 963 936 1024 sunt
958 958 1087 1024 onusti’.
1132 958 1310 1026 Fauorinus
1332 977 1373 1027 ex

145 1066 257 1132 multis
292 1071 325 1132 et
358 1067 456 1132 variis
491 1071 525 1132 et
558 1068 689 1133 remotis
724 1067 915 1132 lectionibus
946 1066 1169 1148 somnigeram
1202 1065 1372 1136 historiam

146 1174 333 1240 elaborarit.
381 1173 615 1257 Nonnunquam
644 1174 773 1240 eosdem
800 1174 901 1240 libros
929 1174 1069 1240 indicum
1093 1173 1233 1256 scriptor.
1254 1179 1288 1240 at
1310 1175 1372 1240 Ea.-

145 1281 276 1346 rorinus
310 1285 483 1362 usurpant,
518 1282 607 1348 velut
640 1283 840 1348 Demetrium
868 1283 1054 1364 Magnetem
1086 1315 1131 1332 »-
1165 1299 1259 1364 quem
1288 1282 1370 1348 Ita
1446 1331 1453 1346 .

145 1392 329 1453 antestatur
343 1388 520 1454 Favorinus
540 1390 573 1454 in
597 1390 835 1455 commentariis
850 1425 894 1438 —-
910 1395 944 1455 et
958 1390 1193 1456 Erasistratum
1217 1389 1373 1473 [indicum

145 1496 286 1577 scriptor
300 1496 334 1561 in
348 1495 598 1579 Chrysipporum
614 1498 707 1578 serie,
723 1497 902 1562 Favorinus
919 1498 1003 1579 apud
1020 1496 1160 1564 Gellium
1168 1495 1231 1582 ⁶⁹)].
1261 1497 1373 1564 Etiam

145 1591 312 1674 Timaeum
334 1601 597 1686 Hermippum⁶⁰)
620 1601 870 1691 Pamphilam⁰²)
901 1606 1070 1688 omnigena
1100 1607 1212 1673 citavit
1234 1606 1374 1672 historia

144 1711 197 1798 [οἱ
222 1733 253 1794 n·
272 1712 337 1796 58]·
1096 1771 1099 1776 ·
1346 1772 1372 1796 ·.

235 1820 264 1886 d.
291 1819 449 1901 ‘Scriptor'
467 1819 730 1902 homonymorum
753 1819 838 1885 vitae
861 1836 987 1901 quoque
1009 1818 1201 1886 Laertianas
1228 1818 1370 1903 locuple-

143 1928 247 1996 tavit'.
304 1928 349 1993 Et
381 1927 442 1993 hoc
476 1928 605 2010 quidem
644 1927 683 1992 de
722 1927 893 2008 omnigena
930 1925 1067 1992 historia
1099 1945 1194 1993 nemo
1229 1947 1371 2010 unquam

142 2037 289 2118 negarit:
313 2035 411 2100 vicies
436 2035 608 2115 excitatur,
638 2034 785 2116 quotiens
810 2034 1070 2100 secrmdariorum
1094 2039 1261 2100 auctorum
1284 2038 1371 2119 apud

142 2143 309 2209 Laertium
331 2161 424 2209 nemo
448 2142 541 2210 alius.
570 2142 613 2208 Et
635 2142 722 2207 vide:
748 2146 782 2208 et
804 2141 1001 2223 biographus
1017 2141 1147 2227 'Laertii
1169 2143 1232 2227 [III
1254 2145 1312 2228 37]
1336 2151 1374 2212 et

144 2360 195 2416 190
218 2357 254 2426 [..
273 2354 384 2424 scripsit
402 2353 456 2424 Pu]
476 2355 538 2425 napi
558 2358 692 2425 Λχιλλέως
715 2352 762 2408 τοῦ
784 2354 912 2426 γηγενοῦς
934 2355 981 2408 καὶ
1005 2353 1058 2408 ἀπὸ
1082 2357 1135 2412 τῶν
1154 2355 1286 2428 Ἰλιακῶν,
1312 2357 1370 2421 ὅσον

141 2452 264 2519 ἐγένοντο
287 2445 448 2517 Ἀχιλλεῖς
471 2442 640 2516 περιώνυμον,
679 2443 720 2498 Ib.
740 2439 781 2498 ὅτι
804 2442 857 2498 ἀπὸ
879 2445 931 2498 τῶν
945 2442 1068 2498 Ἰλιακῶν
1087 2445 1368 2522 ὀνομασταὶνγεγόνα-

142 2555 185 2592 σιν
200 2521 335 2590 Ἑλέναν
350 2539 404 2588 κτλ.
561 2595 564 2602 Ι
1364 2527 1366 2532 ’

218 2623 256 2696 59)
273 2623 423 2679 Historiola
434 2621 509 2690 XVI,
524 2625 540 2678 3
557 2622 661 2692 lepida:
681 2627 725 2675 Ad
742 2627 872 2691 quendam
885 2631 1023 2690 aegrotum
1035 2643 1093 2676 cum
1107 2629 1170 2678 isset
1188 2625 1366 2700 [Favorinus]

141 2735 240 2784 nosque
258 2735 317 2768 cum
335 2733 363 2766 eo
381 2719 560 2765 introissemus
577 2719 712 2781 multaque
730 2718 766 2765 ad
781 2718 891 2766 medates
907 2717 956 2780 qui
970 2723 1025 2766 trem
1035 2719 1112 2788 sorte
1130 2721 1187 2768 aaut
1204 2727 1285 2770 eram
1299 2723 1368 2771 vale·

141 2811 241 2858 tardioris
264 2810 320 2856 erus
339 2809 434 2871 gratur
457 2808 573 2856 cratone
595 2821 697 2870 graeca
721 2807 836 2865 dicasset,
859 2811 898 2854 ‘ac
915 2823 948 2856 ne
965 2809 1012 2856 hoc
1029 2809 1134 2872 quadem
1152 2809 1257 2869 mirem,
1276 2812 1373 2875 aequate

140 2901 230 2952 aeden·
245 2901 324 2957 dedet,
341 2899 412 2962 qudd
428 2913 488 2946 cum
506 2897 615 2961 antehoc
633 2903 735 2960 semper
752 2897 853 2948 edundi
859 2897 953 2964 fucrit
969 2900 1103 2962 adpetens,
1126 2897 1198 2948 mue
1214 2903 1276 2962 posi
1292 2902 1368 2964 ιἰπρι-

140 2997 230 3040 ratam
249 2989 361 3039 dudum
374 2988 459 3036 tridui
468 2989 551 3036 omnis
562 2989 619 3036 eius
629 2989 750 3052 adpetitae
765 2990 882 3052 pratum
900 2990 1059 3053 elanguere,
1086 2988 1160 3038 Nam
1171 2991 1242 3054 quod
1253 2990 1280 3042 E
1285 2993 1368 3040 rasi-

141 3087 274 3130 stratus
292 3079 425 3142 scriptum‚
445 3079 536 3142 inquit,
554 3079 669 3142 reliquit,
683 3081 871 3144 propemodum
889 3095 981 3128 verum
996 3085 1041 3128 est.
1069 3075 1127 3130 Iam
1139 3082 1269 3138 secuntur
1283 3077 1369 3134 multa

141 3183 176 3220 ex
193 3165 364 3219 Erasistrato
385 3163 470 3224 verbo
489 3168 568 3217 tenus
587 3162 669 3219 dicta.
704 3165 781 3220 Haec
800 3180 862 3220 curn
884 3170 982 3234 postea
999 3163 1198 3218 Erasistratum
1217 3165 1276 3233 ipse
1294 3165 1367 3234 tege-

140 3261 185 3310 ret
204 3253 310 3310 Gellius
328 3267 415 3323 paene
435 3252 469 3308 ad
489 3251 602 3307 verbum
621 3254 728 3309 invenit
745 3259 849 3309 tantam
867 3250 999 3309 Favorini
1019 3253 1167 3309 memoriae
1191 3253 1367 3310 tenacitatem
1425 3246 1427 3251 ’

140 3343 328 3400 mirabundus,

217 3433 254 3504 ⁶⁰)
273 3433 298 3488 V
317 3435 350 3488 41
371 3439 571 3503 Φαβωρῖνος
598 3435 628 3487 dd
656 3451 737 3503 φησιν
763 3431 917 3506 γηράσαντα
944 3433 1025 3492 adrev
1048 3437 1077 3493 ,ἓν
1100 3433 1200 3506 φορείῳ
1227 3439 1366 3508 περιφέρε-

140 3533 208 3582 σθαι
221 3526 307 3578 ..καὶ
331 3524 407 3578 τοῦτο
429 3526 516 3595 λέγειν
530 3520 733 3596 Ἕρμιππον.
771 3523 866 3579 Potest
890 3523 972 3579 etiam
995 3539 1054 3580 esse
1079 3538 1113 3581 ex
1138 3539 1366 3596 apomnemonetl·

140 3613 230 3668 matis.
249 3644 284 3652 -
304 3612 345 3666 De
364 3612 504 3667 Timaeo
522 3612 556 3665 ct.
574 3612 637 3666 adn.
658 3615 699 3668 99.
1080 3619 1087 3622 “

213 3701 249 3773 61)
269 3701 364 3771 Steph.
383 3701 449 3771 Byz.
468 3707 489 3755 s·
508 3718 534 3756 v.
548 3699 669 3765 ‘Pousis'
689 3707 768 3765 ἔθνος
786 3697 817 3757 οὗ
835 3707 969 3776 μέμνηται
981 3701 1142 3774 ψάβωρῖνος
1161 3707 1190 3758 ἐν
1209 3705 1319 3776 ἐπιτομῇ
1341 3703 1366 3758 d'

141 3793 186 3859 τῆς
203 3795 393 3863 Παμφίλης.
430 3791 492 3845 Dici
519 3791 628 3862 nequit,
656 3799 827 3863 quantopere
852 3791 898 3847 hic
921 3793 998 3847 locus
1023 3793 1098 3847 viros
1126 3791 1221 3848 doctos
1245 3793 1365 3848 torserit.

140 3883 264 3937 Eatenus
283 3894 378 3936 omnes
395 3881 574 3950 consentiunt,
594 3889 626 3936 ut
644 3883 679 3937 ad
698 3883 870 3938 coniecturas
888 3881 1055 3953 confugiant.
1083 3882 1204 3950 Quorum
1223 3883 1366 3938 conamina

140 3971 245 4028 nudum
263 3971 349 4026 babet
360 3971 480 4040 speciem
498 3971 703 4040 probabilitatis
722 3972 767 4044 [ci.
785 3973 924 4030 Meinekei
943 3973 1024 4046 adn.].
1052 3971 1134 4028 Retio
1153 3971 1188 4028 ad
1207 3987 1288 4041 qnam
1308 3973 1365 4028 exi·

140 4067 221 4134 gutur
249 4060 381 4116 articulus
405 4059 439 4114 ab
463 4059 497 4116 iis
525 4062 645 4130 petenda
667 4068 710 4118 est
732 4061 863 4134 exemplis
889 4077 959 4132 qnae
987 4078 1070 4134 supra
1093 4063 1133 4134 [p.
1151 4063 1198 4135 34]
1223 4063 1365 4134 adscripsi,

141 4166 201 4204 cunr
215 4150 248 4204 de
263 4149 378 4205 Seleuco
392 4149 567 4219 disputarem,
581 4150 657 4205 velut
676 4150 810 4213 ‘itievude
830 4171 909 4224 φησιν
928 4156 956 4206 ἐν
974 4153 1004 4226 τῇ
1017 4152 1133 4224 Kvnptp’
1153 4151 1171 4205 i.
1190 4167 1213 4208 e.
1228 4151 1254 4206 S.
1274 4152 1365 4208 adfert

140 4257 175 4295 ex
190 4239 290 4310 Cypria
305 4239 420 4294 Homeri
438 4238 559 4294 editione
580 4246 630 4294 etc.
650 4238 736 4295 Vides
755 4241 889 4310 quomodo
907 4241 1142 4311 interpretandum
1161 4241 1205 4312 sit;
1225 4241 1283 4296 scil.
1302 4241 1363 4298 ‘Fa-

140 4329 253 4386 uorinus
277 4345 312 4384 ex
333 4327 494 4398 Pamphilae
515 4329 641 4399 epitomis
666 4328 838 4388 adfert...':
858 4331 961 4386 Multos
984 4331 1055 4386 enim
1078 4335 1204 4386 auctmes
1222 4331 1365 4402 Pamphila

140 4419 300 4490 epitomarit
320 4418 365 4490 [ci.
385 4419 460 4474 Suid.
479 4435 500 4474 s.
519 4420 565 4492 r.].
