3420 5408
332 492 353 554 4

333 667 422 732 nullo
446 668 635 750 perlectam,
664 667 781 732 nedum
805 667 1020 732 examinatam
1048 684 1119 732 esse
1142 666 1381 731 intellexissem.
1429 663 1492 730 Sed
1516 663 1555 729 de

331 777 392 841 hoc
423 780 499 858 post
528 775 648 841 videro.
679 812 723 822 -
753 774 971 840 Marresius
999 773 1213 839 Hullemanno
1242 793 1374 840 suasore
1405 773 1555 840 Favorini

332 884 531 950 Arelatensis
560 883 714 964 reliquias
743 883 801 948 sub
829 902 926 947 unum
957 882 1144 965 adspectum
1169 888 1301 949 conatus
1325 887 1376 947 est
1399 882 1553 947 subicere.

332 991 502 1074 Congessit
525 991 641 1072 quibus
664 1009 780 1056 nomen
804 996 876 1056 erat
899 992 1129 1073 praepositum,
1155 993 1194 1057 de
1211 1010 1268 1057 suo
1285 992 1367 1056 scitu
1391 991 1443 1055 vix
1458 989 1556 1072 digna

332 1104 388 1164 aut
411 1104 523 1182 aperte
546 1097 629 1163 falsa
657 1098 795 1164 addidit:
828 1099 957 1163 iamiam
980 1099 1118 1164 hominis
1142 1099 1303 1163 immerito
1327 1099 1430 1180 ignoti
1454 1097 1556 1179 sospi-

331 1211 470 1272 tatorem
494 1225 529 1271 se
552 1207 661 1271 iactat.
710 1205 827 1271 Confer
850 1207 919 1272 eius
944 1207 1205 1271 dissertationem
1230 1207 1279 1271 ‘de
1302 1206 1454 1289 Favorini
1477 1206 1556 1270 Are-

332 1315 468 1379 latensis
496 1315 563 1380 vita
594 1313 709 1380 studiis
737 1315 874 1396 scriptis'
907 1315 1047 1398 TraJecti
1083 1315 1124 1379 ad
1155 1313 1300 1379 Rhenum
1333 1315 1427 1380 1853.
1488 1314 1555 1379 Iste

332 1422 417 1506 quod
447 1424 553 1505 amplo
582 1422 740 1488 volumine
769 1422 850 1486 nihil
877 1423 951 1488 novi
980 1423 1098 1503 docuit,
1129 1441 1206 1487 sane
1236 1427 1288 1488 est
1310 1423 1495 1501 dolendum;
1519 1426 1557 1486 ut

331 1532 412 1596 nihil
448 1532 590 1612 obesset,
628 1549 665 1596 eo
701 1528 848 1596 effectum
878 1535 928 1596 est
963 1532 1048 1612 quod
1077 1530 1204 1596 omnino
1237 1549 1301 1596 non
1330 1531 1455 1597 studuit
1482 1530 1557 1596 novi

332 1639 507 1721 quidquam
531 1640 655 1704 docere.
704 1639 785 1704 Eum
809 1639 909 1720 igitur
931 1639 1039 1704 nescio
1064 1658 1104 1702 an
1133 1637 1232 1703 semel
1258 1638 1349 1703 bisve
1373 1639 1433 1703 sim
1456 1638 1556 1705 nomi-

331 1753 475 1812 naturus.
504 1784 544 1794 —
574 1746 675 1812 Porro
703 1746 784 1812 Val.
817 1747 917 1812 Rosa
947 1747 1013 1831 [‘de
1042 1747 1229 1812 Aristotelis
1258 1746 1414 1812 librorum
1445 1746 1556 1811 ordine

332 1861 365 1921 et
398 1855 600 1920 auctoritate’
634 1854 733 1938 1854]
769 1873 839 1919 cum
875 1855 1057 1936 catalogum
1091 1855 1245 1920 librorum
1277 1853 1557 1920 Aristotelicorum

332 1964 539 2028 Laertianum
570 1981 609 2028 ex
638 1963 789 2028 Favorini
818 1964 988 2044 omnigena
1016 1962 1152 2028 historia
1182 1963 1358 2043 derivaret,
1391 1962 1556 2027 Laertium

333 2071 437 2136 obiter
467 2072 604 2136 coniecit
633 2090 671 2134 ex
700 2071 934 2135 recentioribus
962 2071 1015 2136 vix
1044 2071 1211 2136 duodecim
1242 2071 1339 2151 primi
1373 2069 1496 2134 scilicet
1523 2074 1557 2132 et

333 2180 465 2244 secundi
488 2199 519 2260 p.
546 2178 618 2243 Chr.
645 2199 675 2242 rr.
701 2179 830 2259 saeculi,
856 2198 918 2261 quo
942 2180 1079 2243 maxime
1103 2177 1298 2244 effloruisset
1314 2178 1557 2243 commentario·

332 2307 402 2352 rum
426 2288 483 2352 illa
506 2288 597 2352 mixti
622 2288 803 2369 argumenti
819 2287 952 2369 scriptio
969 2290 1003 2350 et
1019 2286 1149 2352 contusa
1171 2287 1329 2368 quaedam
1348 2285 1555 2369 polymathia,

333 2396 422 2460 velut
445 2413 462 2459 e
487 2395 687 2477 Myroniano,
711 2394 890 2476 Pamphila,
917 2395 1044 2475 Sabino,
1069 2394 1207 2460 fortasse
1230 2395 1420 2459 Dioscorida
1444 2391 1555 2477 [163]‚

332 2501 491 2566 Favorino
526 2507 629 2566 totum
666 2520 746 2582 opus
782 2502 1032 2567 consarcinasse.
1088 2503 1167 2566 Rem
1197 2503 1420 2583 gravissimam
1454 2518 1556 2582 paene

333 2609 514 2675 transiluitz
551 2614 585 2674 at
619 2609 700 2674 talia
735 2609 869 2674 dedecet
904 2609 1078 2674 transilire.
1129 2611 1283 2675 Rationes
1312 2610 1410 2675 Rosei
1437 2609 1557 2690 partim

334 2717 413 2782 nihil
437 2718 557 2799 partim
586 2737 650 2782 non
680 2718 760 2782 satis
785 2716 909 2796 valent,
935 2733 1039 2797 neque
1062 2717 1179 2797 dignae
1202 2723 1278 2782 sunt
1300 2737 1383 2800 quae
1408 2721 1558 2782 accurate

333 2825 583 2907 redarguantur,
619 2845 689 2890 cum
723 2825 915 2907 praesertim
946 2828 980 2888 et
1007 2823 1206 2889 Bahnschius
1236 2825 1485 2909 [quaestionum
1517 2824 1557 2889 de

333 2933 456 2998 Laertii
485 2933 627 2998 fontibus
655 2933 758 2997 initia’
788 2952 818 3014 p.
851 2935 894 2996 49
923 2932 985 3016 sq]
1015 2937 1048 2996 et
1076 2932 1286 2999 Nietnschaus
1314 2933 1436 3017 [progr.
1466 2933 1557 2997 Basi-

334 3041 403 3106 leae
431 3042 515 3106 1870
539 3060 569 3123 p.
598 3041 652 3125 la]
677 3041 821 3123 quamvis
845 3060 956 3107 severe
979 3046 1088 3106 tamen
1111 3043 1290 3107 rectissime
1310 3043 1349 3107 de
1373 3043 1413 3106 iis
1437 3041 1557 3107 iudica·

334 3149 449 3214 verint.
496 3148 658 3214 Nonnulla
682 3149 762 3214 scite
786 3150 967 3231 excogitata
992 3169 1049 3215 suo
1073 3149 1144 3216 loco
1168 3169 1289 3234 suoque
1305 3156 1451 3231 tempore
1475 3168 1561 3214 com*

335 3256 528 3322 memorabo.

424 3365 569 3447 Denique
601 3365 708 3430 extitit
739 3366 793 3446 qui
820 3365 994 3431 intentiore
1025 3373 1059 3431 et
1087 3365 1229 3432 feliciore
1257 3385 1357 3448 opera
1379 3367 1412 3431 in
1436 3365 1558 3430 Laertii

336 3471 669 3553 Diogenishistoriam
680 3472 904 3556 philosopham
915 3473 1557 3558 ihquireretFridericusNietnsche,

337 3579 375 3644 de
400 3580 543 3661 Diogene
568 3581 709 3645 omnium
732 3581 827 3663 longe
852 3582 972 3663 optime
1001 3583 1136 3647 meritus
1160 3589 1193 3648 et
1215 3583 1318 3664 magis
1343 3582 1441 3647 etiarn
1464 3580 1558 3646 meri-

336 3692 438 3767 turus,
462 3689 525 3752 nisi
548 3688 581 3752 in
605 3689 746 3753 tramitis
769 3690 892 3771 reperti
914 3690 1017 3771 gloria
1042 3690 1244 3772 acquiescere
1267 3708 1364 3772 quam
1388 3693 1558 3771 angustum

336 3813 374 3859 ac
397 3795 597 3862 salebrosum
621 3797 794 3880 multisque
823 3796 1021 3864 anfractibus
1044 3799 1174 3880 plenum
1202 3799 1353 3881 persequi
1380 3798 1555 3863 maluisset.

335 3902 516 3969 Publicavit
539 3905 631 3970 annis
658 3907 742 3970 1868
768 3924 835 3988 sqq.
859 3907 894 3970 in
916 3907 1019 3972 musei
1042 3907 1176 3972 rhenani
1195 3907 1291 3972 tomis
1306 3907 1425 3988 xxm,
1442 3904 1557 3986 XXIV,

337 4010 427 4077 XXV
452 4012 501 4076 ‘de
523 4013 646 4079 Laertii
661 4013 816 4095 Diogenis
840 4013 992 4079 fontibus'
1019 4017 1304 4082 commentationes
1324 4014 1435 4080 multis
1458 4014 1559 4080 nomi-

336 4120 431 4184 nibus
448 4120 635 4202 laudabiles,
660 4121 770 4186 multis
787 4124 885 4188 etiam
900 4124 1139 4206 vituperandos,
1162 4125 1245 4190 unde
1261 4125 1340 4190 mihi
1356 4122 1559 4206 proficiscen·

338 4225 412 4292 dum
438 4229 509 4310 erit,
534 4231 602 4295 sive
626 4249 718 4295 secus
735 4233 839 4297 sentio
856 4237 893 4297 ut
915 4233 1108 4315 impugnem,
1132 4251 1188 4298 seu
1203 4234 1282 4299 mihi
1304 4234 1390 4299 idem
1412 4231 1559 4314 persuasi

337 4341 375 4400 ut
401 4337 493 4402 novis
523 4335 652 4402 fulciam
681 4339 891 4405 adminiculis.
935 4339 1075 4406 Tametsi
1104 4361 1206 4424 paene
1235 4359 1361 4424 semper
1391 4340 1559 4407 adversam

338 4442 529 4510 Nietzscheo
558 4447 751 4514 sententiam
775 4447 964 4514 defensurus
993 4450 1115 4531 perlevi
1142 4456 1303 4516 momento
1333 4467 1558 4532 compassum
