3420 5408
281 501 324 565 20

369 678 470 744 Nemo
493 673 674 754 mirabitur,
700 675 727 739 si
744 672 853 756 Cynici
876 672 932 738 ille
956 673 1096 738 amasius
1120 672 1260 739 studium
1277 691 1355 756 erga
1372 671 1506 756 Cynicos

279 786 433 868 quosdam
468 784 566 848 etiam
600 783 633 847 in
670 780 947 863 ‘philosophorum
981 779 1204 861 percursione'
1240 799 1320 862 prae
1358 799 1393 846 se
1431 780 1503 846 fert.

278 892 407 958 Diocles
432 910 502 958 cum
526 891 566 956 de
590 888 782 955 Antisthene
811 888 1005 970 disputaret,
1042 888 1128 952 inter
1158 887 1245 952 illius
1274 887 1395 968 placita
1425 887 1504 952 nihil

277 999 354 1080 quin
380 1003 466 1063 esset
481 996 653 1076 laudabile,
679 1013 871 1077 quamquam
888 997 1018 1076 poterat
1032 994 1144 1074 multa,
1169 993 1306 1075 protulit
1325 993 1377 1076 [cf.
1395 994 1502 1059 Laert.

276 1105 331 1186 VI,
359 1105 423 1188 l3].
464 1104 557 1186 Sapit
572 1107 744 1186 praeterea
758 1101 947 1184 Cynicorum
964 1101 1106 1166 studium
1121 1101 1206 1183 quod
1222 1101 1335 1166 tritum
1352 1100 1431 1166 illud
1448 1101 1504 1167 So·

277 1212 375 1277 cratis
389 1213 439 1276 δεῖ
452 1223 582 1276 σκοπεῖν
599 1208 675 1276 ιὄττι
691 1234 740 1275 τοι
757 1209 792 1274 ἓν
806 1209 996 1296 μεγάροισιν
1011 1209 1111 1274 κακόν
1125 1209 1151 1273 τ’
1170 1205 1338 1289 circatores
1350 1209 1502 1275 τέτακταί

276 1319 415 1401 Diogeni
439 1320 549 1401 cynico
572 1318 630 1399 VI,
659 1320 721 1384 103
745 1317 928 1383 vindicavit.
977 1318 1175 1400 Quamquam
1198 1318 1280 1383 alios
1303 1318 1437 1402 Cynicos
1463 1356 1500 1366 —

275 1427 364 1492 velut
388 1426 574 1508 Menippum
598 1430 696 1509 atque
720 1425 800 1490 adeo
825 1424 1024 1506 Meleagrum
1047 1430 1292 1507 praeceptorem
1324 1426 1503 1505 καταγέλω-

274 1557 329 1608 ιος
348 1537 503 1616 γέμοντας
526 1533 633 1598 Laert.
659 1532 679 1598 l.
706 1551 730 1598 c.
756 1569 799 1580 —
822 1551 887 1598 non
910 1533 1007 1597 nimio
1036 1532 1293 1614 prosequebatur
1317 1551 1434 1598 aurore.
1459 1568 1503 1580 -

275 1641 411 1706 Frustra
433 1641 611 1723 quaeritur,
635 1646 743 1705 utrum
766 1641 869 1722 magis
886 1640 928 1704 ad
950 1640 1101 1721 frigidam
1118 1640 1227 1706 Stoam
1252 1659 1293 1704 an
1314 1640 1356 1705 ad
1371 1640 1502 1722 Epicuri

274 1747 475 1812 hortulorum
511 1748 739 1813 amoenitatem
773 1747 985 1829 propendissc
1012 1748 1176 1814 videatur:
1212 1751 1382 1829 utrumque
1419 1748 1502 1814 enirn

273 1873 332 1942 per
355 1873 389 1920 se
413 1859 522 1937 potest
551 1855 695 1937 cogitari.
743 1854 786 1919 At
817 1859 928 1920 contra
957 1854 1137 1920 Stoicorum
1161 1855 1335 1937 opprobria
1358 1854 1502 1921 defendit

272 1961 487 2044 purgavitque
510 1962 640 2043 Epicuri
671 1961 894 2044 integritatem
919 1960 970 2045 [cf.
996 1962 1035 2042 X,
1061 1962 1095 2047 3]
1125 1966 1158 2026 et
1186 1962 1313 2027 amavit.
1370 1962 1439 2040 Qua
1462 1979 1502 2026 ex

272 2087 309 2134 re
332 2069 371 2133 de
396 2073 485 2134 secta
500 2068 605 2134 Diocli
628 2068 766 2151 probata
788 2085 829 2132 ne
852 2085 1071 2149 praepropere
1094 2066 1153 2132 fiat
1169 2069 1362 2148 coniectura,
1389 2086 1501 2134 caven-

273 2176 346 2240 dum
378 2181 442 2256 est,
479 2177 507 2240 si
535 2176 663 2259 quidem
693 2181 726 2240 et
754 2165 910 2240 hodierno
940 2180 1087 2256 tempore
1122 2176 1177 2257 qui
1205 2176 1304 2240 vitam
1334 2181 1368 2240 et
1395 2194 1500 2241 mores

271 2283 403 2366 Epicuri
428 2284 623 2348 admiramur
646 2302 710 2348 non
734 2301 842 2348 sumus
865 2279 1076 2364 Epicurei¹⁸).

345 2458 379 2528 ¹⁷)
398 2459 579 2514 accuratiore
607 2457 712 2513 Dioclis
740 2457 896 2527 cognitione
924 2456 1118 2511 reconcinnata
1146 2472 1266 2511 errorem
1297 2457 1432 2526 quendam
1464 2457 1498 2512 de

270 2548 454 2603 Potamone
483 2547 720 2602 Alexandrino
751 2553 928 2616 propagatam
956 2547 1100 2600 emendare
1132 2546 1260 2601 conabor.
1315 2547 1442 2601 Laertius
1470 2547 1499 2601 in

272 2638 443 2706 praelatione
462 2654 523 2692 cum
544 2644 632 2692 sectas
651 2636 877 2706 philosophorum
896 2640 1060 2704 recenseret,
1081 2635 1163 2689 etiam
1178 2634 1211 2688 de
1231 2650 1350 2703 eaquae
1370 2635 1500 2689 eclectica

273 2733 388 2781 vocatur
412 2728 496 2782 verba
519 2726 585 2782 fecit
604 2727 620 2797 ξ
639 2729 687 2782 al:
712 2731 747 2782 ἔτι
771 2728 801 2780 dt
821 2727 882 2796 πρὸ
907 2727 1020 2796 ὀλίγου
1039 2727 1084 2778 καλ
1107 2724 1236 2791 ἐκλεκτική
1254 2745 1292 2786 τις
1310 2727 1412 2796 αλρεσις
1430 2725 1499 2790 atal-

268 2823 325 2890 χθη
344 2816 395 2870 ὑπὸ
415 2815 578 2889 Ποτάμωνος
596 2818 641 2872 τοῦ
656 2819 847 2887 Ἀλεξανδρέως
871 2817 1043 2886 ἔκλεξαμὲνου
1061 2814 1090 2866 τὰ
1113 2815 1257 2884 ἀρέσκοντα
1282 2816 1309 2874 ἐξ
1325 2813 1433 2880 ἑκάστης
1447 2813 1499 2867 τῶν

271 2909 410 2976 αἱρέσεων·
431 2907 535 2976 ἀρέσκει
554 2906 579 2958 d'
599 2906 667 2978 αὐτῷ
685 2908 735 2959 κτλ.
774 2905 885 2959 Laertio
905 2903 1082 2958 crediderunt
1101 2903 1182 2958 facile
1201 2902 1315 2971 creduli,
1335 2919 1498 2972 quamquam

272 3011 354 3048 sanus
373 2994 473 3049 Suidoe
498 2994 628 3048 articulus
648 3011 668 3048 s.
688 3012 712 3049 v.
753 2995 936 3049 Potamomem
962 2993 1080 3061 Augusti
1105 2998 1203 3047 aetate
1220 2991 1345 3046 docuisse
1372 2999 1497 3046 testatur.

271 3085 309 3137 At
330 3083 428 3138 Suidae
449 3084 622 3138 credendum.
659 3083 812 3139 Oblocutus
830 3099 916 3152 paene
937 3083 1010 3136 solus
1031 3089 1072 3136 est
1090 3081 1272 3135 Nietzscheus
1293 3082 1397 3151 [progr.
1416 3099 1442 3150 p.
1459 3082 1496 3152 91,

271 3171 319 3225 sed
343 3172 384 3226 ita
410 3180 441 3225 ut
465 3173 523 3226 reri
551 3180 657 3241 partem
681 3172 853 3242 intellegeret
876 3179 982 3241 partem
1006 3170 1086 3224 irrita
1109 3170 1142 3224 de
1167 3170 1261 3224 Diocle
1286 3172 1497 3226 ratiocinatione

271 3261 433 3330 depraveret
454 3261 501 3330 [cl.
514 3261 710 3330 Frendeuthal,
729 3279 756 3330 p.
775 3263 848 3331 3081.
876 3263 928 3332 πρὸ
947 3266 1039 3334 ολίγου
1058 3261 1105 3329 qui
1123 3261 1234 3330 scripsit
1253 3261 1300 3316 vix
1317 3267 1380 3316 aute
1400 3262 1497 3316 initum

269 3350 303 3404 ab
330 3352 453 3418 Augusto
479 3351 622 3420 imperium
649 3351 791 3419 scripsisse
814 3352 952 3420 putandus
977 3357 1026 3404 est.
1067 3352 1111 3404 An
1132 3350 1263 3406 Diocles?
1300 3352 1383 3407 Modo
1405 3367 1497 3406 senem

269 3453 380 3493 censeas
404 3439 555 3508 scripsisse.
593 3438 760 3507 Quamquam
783 3456 827 3494 res
850 3454 904 3493 non
928 3445 1011 3492 certa.
1053 3439 1377 3512 8υ16.ε.ν.11οιάμων,
1403 3445 1497 3512 γέγονε

269 3527 320 3598 πρὸ
347 3527 502 3600 Αὐγούστου
524 3531 571 3583 καὶ
593 3528 650 3599 μετ’
680 3527 768 3583 αὐτόν.
822 3528 959 3582 Dielesius
984 3529 1096 3598 doxogr.
1120 3545 1146 3597 p.
1167 3531 1200 3584 81
1220 3532 1282 3584 n.4
1310 3536 1338 3583 et
1366 3529 1497 3584 Rohdeus

269 3617 348 3687 [mus.
368 3618 445 3671 rhen.
464 3617 585 3672 XXXIII
606 3620 674 3673 1878
692 3634 718 3686 p.
741 3619 790 3672 166
803 3617 845 3687 nl]
871 3618 936 3670 ικατ’
955 3617 1045 3671 αὐτόν’
1065 3623 1096 3670 ut
1118 3617 1146 3671 in
1166 3617 1252 3672 Suida
1270 3634 1324 3672 non
1344 3618 1496 3686 probabile.

269 3737 303 3746 -
318 3705 415 3760 Suidas
435 3723 455 3762 s,
476 3723 500 3760 v.
520 3709 662 3777 Λεσβῶναξ
681 3711 856 3773 Μυτιληναῖος
877 3707 1024 3778 φιλόσοφος
1044 3707 1162 3778 γεγονώς
1180 3710 1223 3760 ἐπὶ
1242 3707 1395 3778 Αὐγούστου
1414 3707 1496 3778 πατὴρ

268 3795 432 3865 Ποτάμωνος
461 3798 516 3849 τοῦ
549 3797 746 3866 φιλοσόφου·
777 3800 880 3867 ἔγραψε
906 3799 1015 3850 πλεῖστα
1046 3797 1181 3867 ᾳιλόσοφα
1209 3795 1352 3850 manifesto
1384 3796 1495 3850 erravit.

267 3883 425 3938 Potamonis
448 3892 528 3954 pater
551 3885 604 3938 fuit
631 3885 775 3940 Lesbonax
799 3883 843 3955 [ci.
870 3883 898 3938 C.
922 3885 1003 3954 lgr.
1028 3885 1055 3938 II
1080 3887 1149 3941 2182
1173 3886 1201 3938 in
1224 3885 1305 3939 titulo
1328 3885 1495 3954 Mytilenaeo

268 3973 441 4045 ‘Marcipores
461 3975 506 4028 τοῦ
529 3973 718 4044 Αεοβωνακτος
741 3973 893 4044 προεδρία]
917 3981 946 4027 at
971 3990 1024 4028 non
1046 3974 1203 4043 philosophi
1233 3974 1279 4029 sed
1304 3974 1424 4029 rhetoris
1448 3972 1494 4044 [cl.

268 4061 366 4116 Suidas
386 4078 406 4116 s.
426 4081 450 4116 v.
470 4060 617 4134 marcipor]
642 4063 785 4118 Strabonis
811 4061 897 4116 aetati
923 4063 1047 4131 supparis
1072 4061 1154 4132 [XIII
1174 4079 1201 4133 p.
1224 4065 1299 4134 617]⁸
1339 4062 1384 4116 Cf.
1398 4061 1493 4117 Rohde

267 4150 385 4205 ‘Grieob
404 4151 506 4206 roman’
525 4169 551 4222 p.
571 4153 622 4207 341
643 4169 668 4205 n.

338 4237 374 4312 ¹⁸)
393 4239 474 4293 Fecit
491 4241 544 4294 hoc
557 4237 739 4294 Nietzscheus
758 4240 838 4311 [mus.
855 4241 931 4295 rhen.
944 4239 1039 4296 XXIII
1058 4241 1151 4312 [1868]
1171 4259 1198 4310 p.
1212 4241 1275 4312 641]
1295 4241 1393 4296 merito
1413 4241 1493 4296 casti-

267 4333 347 4395 gatus
372 4345 389 4382 a
411 4329 628 4383 Freudenthalio
653 4347 678 4398 p.
701 4331 762 4384 308.
801 4329 903 4383 Verum
927 4331 1148 4399 probabilitatem
1173 4345 1273 4399 negare
1299 4319 1353 4383 non
1377 4329 1494 4385 debebat

267 4417 498 4472 Frendenthalius
516 4435 543 4486 p.
563 4421 615 4473 312
634 4420 738 4473 Laertii
761 4420 796 4472 de
815 4419 937 4487 Epicuro
961 4421 1050 4474 verbis
1073 4421 1201 4474 inductus
1220 4420 1245 4473 X
1268 4421 1311 4474 la:
1332 4419 1447 4491 μάλιστα
1466 4418 1493 4472 d’
