3420 5408
302 401 345 464 24

395 578 424 639 1.
460 573 708 639 Scheuerleerus
735 578 773 639 ut
795 575 960 639 Demetrio
990 577 1213 657 cognominum
1242 580 1407 662 catalogos
1430 582 1530 646 Laer-

302 684 408 750 tianos
432 680 605 762 addiceret,
630 682 767 762 primum
792 701 826 747 se
851 701 888 746 eo
913 687 1104 748 commotum
1128 684 1219 764 dixit,
1243 686 1328 767 quod
1349 687 1529 769 quicunque

302 793 335 856 in
359 791 424 855 illis
449 789 710 870 conspicerentur
734 789 775 854 ad
799 788 1001 854 scribendum
1018 808 1088 855 sese
1111 791 1334 858 contulissent:
1360 795 1527 875 scripsisse

303 900 386 965 euim
411 898 451 962 de
473 896 579 978 poetis
603 899 636 959 et
660 896 871 977 scriptoribus
893 896 1093 980 homonymis
1116 900 1325 966 Demetrium.
1371 902 1434 966 Res
1457 902 1527 980 ipsa

302 1006 462 1088 loquatur.
510 1002 630 1068 Evolvo
655 1007 727 1068 octo
750 1002 926 1069 Aeschines
944 1004 1049 1084 1164;
1075 1010 1206 1072 octavus
1230 1008 1348 1073 dieitur
1370 1004 1528 1092 ἀνδριαν-

302 1108 444 1184 τοποιός.
497 1109 547 1174 Ad
570 1109 835 1190 Anaxagoracum
864 1111 980 1176 seriem
1003 1131 1104 1194 pergo
1127 1112 1159 1177 Π
1185 1114 1239 1192 15;
1276 1115 1447 1180 secundum
1470 1112 1527 1178 ob-

302 1221 385 1285 tinet
407 1219 510 1284 locum
535 1216 711 1283 statuarius
735 1211 772 1282 οὗ
795 1221 953 1302 μέμνηται
969 1214 1162 1297 Ἀντίγονος.

391 1325 492 1391 Porro
516 1323 754 1389 Arcesilaorum
777 1325 809 1390 Π
832 1326 874 1388 45
904 1327 1010 1411 ἕτερος
1040 1323 1308 1409 ἀγαλματοποιός
1335 1331 1378 1401 εἰς
1406 1325 1443 1391 ὃν
1472 1327 1530 1390 καὶ

303 1431 484 1516 Σιμωνίδης
514 1431 664 1516 ἐποίησεν
692 1430 896 1517 ἐπίγραμμα·
943 1433 1025 1512 Quid
1048 1435 1109 1499 hoc
1135 1435 1340 1516 praedicatur
1368 1435 1529 1516 epigram-

302 1540 410 1606 mate?
455 1538 505 1604 An
529 1539 568 1602 de
592 1544 663 1602 arte
687 1539 846 1604 statuaria
869 1539 971 1604 liber?
1021 1541 1122 1606 Immo
1147 1545 1270 1606 statua:

384 1642 571 1731 Ἀρτέμιδος
593 1641 659 1710 τόδ’
684 1646 832 1730 ἄγαλμα,
856 1646 997 1732 διηκοσίη
1020 1643 1053 1712 δ’
1078 1644 1129 1731 ἄρ’
1153 1645 1173 1712 δ
1195 1647 1314 1729 μισθδς

435 1750 581 1836 δραχμαὶ
603 1751 657 1814 ταὶ
680 1750 817 1838 Ποὶριαι,
840 1756 906 1816 τῶν
928 1751 1070 1837 ἐπίσημα
1093 1755 1221 1840 τράγος·

392 1854 528 1942 ἀσκητὸς
549 1853 582 1922 δ’
607 1857 756 1942 ἐποίησεν
772 1853 955 1944 Ἀθηναίης
977 1857 1168 1944 παλοὶμησιν

436 1967 528 2044 ἄξιος
544 1961 731 2051 Ἀρκεσίλας
753 1961 822 2040 οἷὸς
839 1961 1070 2053 Ἀριστοδίκου.
1262 1953 1264 1960 ,

391 2073 440 2137 Ex
466 2073 602 2139 Biouum
630 2073 675 2137 IV
699 2073 740 2136 58
777 2073 917 2138 indiculo
958 2074 1182 2140 adscribantur
1217 2073 1333 2152 ὄγδοος
1367 2069 1531 2155 Μιλήσιος

302 2178 575 2266 ἀνδριαντοποιός
598 2175 636 2242 οὗ
660 2184 817 2265 μέμνηται
839 2179 894 2243 καὶ
918 2180 1085 2264 Πολέμων.

394 2288 525 2360 δέκατος
555 2283 825 2368 ἀγαλματοποιὸς
848 2286 1065 2370 Κλαζομένιος
1088 2283 1108 2373 ἢ
1131 2293 1212 2362 Χῖος
1233 2282 1270 2354 οὗ
1293 2293 1451 2373 μέμνηται
1474 2291 1532 2348 καί

296 2395 471 2473 Ἱππῶναξ.

392 2502 649 2568 Democritcrum
669 2501 715 2564 IX
732 2503 773 2564 49
798 2505 901 2585 τρίτος
924 2497 1194 2587 ἀνδριαντοποιός
1217 2497 1254 2566 οὗ
1277 2507 1434 2588 μέμνηται
1452 2497 1529 2566 ’Av-

303 2614 434 2692 ctyovoc.

391 2714 636 2780 Heraclidarum
660 2716 689 2780 V
714 2716 754 2779 63
779 2712 947 2790 ἑνδέκατος
970 2711 1240 2800 ἀνδριαντοποιὸς
1265 2713 1426 2789 Φωκαεύς.

284 2880 286 2882 ,
393 2823 633 2888 Theodororum
655 2822 688 2887 H
713 2823 775 2887 103
800 2841 846 2905 sq.
878 2821 1046 2898 ἑνδέκατος
1075 2825 1217 2908 Θηβαῖος
1243 2819 1528 2909 ἀνδριαντοποιός·

394 2930 574 3003 δωδέκατος
597 2919 767 3014 ζωγράφος
789 2924 826 2993 οὗ
849 2934 1007 3015 μέμνηται
1033 2931 1204 3014 Πολέμων·

392 3037 653 3124 τρισκαιδέκατος
691 3037 857 3124 ζωγράφος
889 3036 1067 3123 Ἀθηναῖος
1103 3036 1183 3123 ὑπὲρ
1222 3033 1259 3102 οὗ
1297 3034 1415 3124 γράφει
1453 3041 1529 3122 Μη-

303 3144 452 3220 νόδοτος·

303 3281 515 3292 ..-.—--

302 3342 420 3396 fortasse
444 3346 535 3408 recte,
560 3338 613 3392 nisi
632 3338 704 3406 quod
724 3338 835 3392 titulum
857 3339 933 3392 illum
957 3343 1052 3407 aperte
1076 3337 1174 3392 falsum
1197 3338 1376 3408 excogitavit:
1398 3355 1460 3393 nam
1478 3355 1529 3409 per

304 3429 503 3499 adpositionem
531 3432 709 3499 σογγραηὲων
728 3449 754 3482 τε
778 3431 825 3481 καὶ
852 3428 958 3482 πόλεων
985 3428 1058 3481 inter
1086 3443 1115 3482 se
1140 3427 1334 3496 respondentia
1356 3429 1390 3484 ad
1414 3417 1529 3495 ποιητῶν

303 3519 476 3574 accederent.
496 3548 531 3558 —
550 3518 677 3572 Ceterum
696 3532 746 3571 cur
765 3533 825 3570 cum
844 3516 891 3570 alii
904 3525 961 3570 tum
974 3517 1110 3571 Dielcsius
1130 3517 1208 3587 [mus.
1228 3518 1304 3571 rhen.
1323 3518 1416 3572 XXXI
1434 3519 1530 3588 [1876]

303 3626 329 3678 p.
350 3610 393 3664 30.
412 3625 438 3660 n.
460 3608 486 3677 1]
507 3607 630 3661 codicum
650 3606 833 3674 corruptelam
857 3605 1040 3679 ‘concrepare’
1063 3607 1188 3676 probent,
1210 3623 1265 3660 non
1283 3607 1420 3676 Intellego.
1458 3608 1529 3661 Har·

304 3698 427 3767 pacratio
447 3697 611 3766 epitomatus
631 3712 652 3749 s.
671 3713 696 3748 v.
712 3697 810 3756 Ἰσαῖος
832 3695 946 3750 alterius
966 3696 1031 3750 libri
1053 3695 1163 3768 titulum
1181 3695 1333 3750 mutilatam
1356 3697 1468 3750 exhibet
1491 3699 1530 3750 ‘tv

304 3793 360 3848 τοῖς
383 3789 445 3857 περὶ
470 3783 626 3857 ὁμωνύμων
649 3785 783 3851 ποιητῶνὶ
816 3784 925 3838 Titulus
950 3786 1084 3854 genuinus
1109 3785 1181 3852 apud
1200 3785 1341 3840 Laertium
1360 3786 1377 3838 l.
1391 3801 1413 3838 c.
1434 3815 1466 3826 —
1487 3786 1529 3842 De

302 3876 375 3929 libro
394 3879 456 3947 περὶ
475 3873 604 3947 ὁμονοίας
616 3873 649 3926 cf.
672 3874 726 3928 Cic.
741 3875 776 3928 ad
788 3874 912 3928 AttIcum
926 3873 965 3927 IV
980 3875 1005 3941 2,
1026 3878 1066 3929 ll.
1079 3873 1156 3943 VIII,
1172 3877 1212 3941 11,
1226 3877 1251 3929 7.
1267 3876 1307 3941 12,
1322 3877 1346 3930 6.
1358 3875 1407 3942 ΙΧ,
1421 3878 1445 3944 9,
1459 3877 1484 3930 2.
1495 3906 1528 3916 -

304 3964 425 4018 Celebris
444 3964 577 4017 Demetrii
601 3963 731 4017 memoria
755 3962 901 4017 Simonidis
926 3963 1062 4031 Symensis
1087 3962 1252 4016 commentIs.
1292 3963 1353 4034 περὶ
1375 3959 1529 4035 ὁμωνύμων

304 4053 404 4107 librum
424 4069 493 4106 anno
515 4054 582 4108 1856
609 4052 678 4106 dixit
702 4067 729 4106 se
754 4051 908 4120 repperisse
927 4058 955 4105 et
973 4051 1070 4105 Uranii
1090 4051 1235 4120 Nonnique
1254 4051 1443 4120 Panopolitani
1464 4050 1528 4104 inde

304 4142 421 4210 protulit
440 4142 520 4196 vitas.
558 4140 597 4195 df.
617 4142 650 4195 A.
669 4143 812 4210 Lycurgus
832 4141 1046 4210 ‘Entbttllungen
1070 4141 1139 4196 ttber
1157 4141 1211 4196 deu
1230 4139 1528 4195 Simonides-Diodori-

304 4232 389 4285 scben
407 4230 536 4286 Uranius.
572 4231 661 4286 Unter
679 4229 833 4300 Beiiugung
856 4231 931 4284 eines
949 4229 1075 4286 Berichts
1101 4247 1153 4286 von
1179 4228 1378 4286 Tischendori’.
1414 4226 1529 4298 Leipzig

307 4322 373 4376 1856
394 4321 436 4376 ed.
455 4319 483 4372 II
500 4337 527 4389 p.
546 4323 579 4375 41
600 4336 658 4390 sqq.
697 4319 883 4374 Scheuerleer.
903 4336 929 4389 p.
951 4322 964 4374 1
985 4335 1043 4388 sqq.
