3432 5400
587 1303 987 1400 EPIMETRA.

458 1553 484 1608 Ι.
515 1552 558 1606 lle
576 1547 722 1606 Fauorini
741 1546 883 1604 oratione
904 1547 1113 1607 Corinthiaco.

262 1699 394 1779 Integra
423 1695 574 1762 Fauorini
602 1693 724 1774 ingenii
751 1692 840 1758 nulla
864 1697 974 1758 extare
1002 1698 1159 1774 putantur
1181 1701 1396 1762 monumenta.

166 1805 284 1870 Fidem
308 1805 391 1870 enim
414 1805 469 1886 qui
493 1801 761 1868 commentatione
785 1799 922 1880 quadarn
945 1800 1113 1880 praeclara
1128 1803 1242 1868 Dionis
1263 1803 1399 1886 Chryso·

168 1913 268 1978 stomi
291 1930 373 1994 quae
389 1910 492 1976 fertur
508 1911 687 1975 orationem
704 1906 941 1974 Corinthiacam
958 1907 1106 1974 addicere
1121 1910 1224 1975 voluit
1239 1910 1398 1976 Favorino

166 2019 341 2100 Emperius
365 2017 486 2102 [opusc.
511 2037 542 2099 p.
563 2015 708 2099 18-31]
731 2014 855 2080 inuenit
877 2015 1007 2080 nullam.
1048 2016 1092 2081 Et
1116 2015 1246 2082 Geelius
1270 2018 1399 2098 quidem

168 2126 258 2210 [adn.
283 2126 317 2190 in
344 2125 457 2192 Dionis
482 2144 527 2191 or.
552 2144 583 2206 p.
602 2124 665 2188 341
692 2121 754 2205 so]
782 2122 829 2186 ita
857 2121 1036 2203 iudicavit.
1061 2123 1123 2188 etsi
1151 2124 1232 2190 satis
1260 2123 1399 2205 probare

165 2233 311 2299 nondum
326 2233 487 2315 potuisset
502 2231 673 2312 Emperius
697 2248 735 2294 ea
751 2229 958 2310 sagacissime
982 2235 1090 2295 tamen
1105 2230 1196 2296 illum
1213 2231 1397 2313 coniecisse,
1494 2307 1498 2314 ¹

167 2358 316 2422 quaeque
341 2339 537 2420 redarguere
561 2341 648 2404 esset
672 2333 811 2402 difficile.
852 2335 995 2418 Emperii
1013 2355 1165 2403 conamen
1182 2339 1237 2420 qui
1256 2339 1399 2405 elevaret

167 2446 347 2512 Marresius
374 2444 524 2512 inventus
555 2449 606 2510 est
632 2445 666 2510 in
691 2444 919 2509 dissertatione
945 2444 995 2510 ‘de
1018 2445 1169 2511 Favorini
1192 2447 1260 2511 vita
1283 2446 1398 2512 studiis

168 2551 309 2634 scriptis’
334 2533 399 2616 non
421 2571 485 2617 uno
509 2551 570 2618 hoc
593 2551 721 2617 nomine
744 2551 966 2631 vituperanda.

259 2657 294 2724 Si
322 2658 492 2739 Empcrius
521 2677 632 2724 verum
659 2656 839 2739 perspexit,
874 2658 908 2722 in
943 2677 1065 2724 summo
1100 2658 1189 2724 lucro
1224 2677 1307 2724 noua
1341 2659 1398 2724 illa

167 2766 288 2832 notitia
311 2766 497 2848 deputanda
520 2771 578 2832 est.
628 2764 725 2832 Cuius
748 2766 833 2830 enim
857 2766 1024 2847 scriptoris
1047 2764 1229 2848 fragmenta
1252 2766 1396 2848 disiecta,

167 2875 232 2940 nisi
261 2892 457 2956 magnopere
487 2873 588 2940 falsus
617 2892 701 2954 sum,
738 2873 939 2954 repperimus
969 2878 1020 2939 sat
1047 2873 1164 2952 multa,
1194 2873 1264 2938 eius
1292 2877 1396 2938 totum

168 2982 330 3064 quoddam
358 2981 546 3062 opusculum
574 2982 602 3046 si
631 2985 772 3046 aetatem
798 2979 926 3060 tulerit,
963 2998 1039 3044 sane
1065 2980 1159 3063 nobis
1186 2981 1394 3062 gratulemur.

167 3089 216 3154 Eo
240 3088 396 3154 intentior
419 3089 462 3154 sit
485 3095 520 3153 et
549 3089 763 3155 accusationis
791 3092 1025 3154 momentorum
1049 3093 1082 3154 et
1106 3086 1300 3154 defensionis
1323 3107 1397 3155 con-

167 3195 348 3277 templatio.

259 3303 442 3369 Corinthios
468 3303 651 3371 rumoribus
680 3302 824 3369 adversis
853 3302 910 3366 sed
939 3301 980 3367 iis
1003 3298 1093 3366 falsis
1117 3300 1230 3366 ductos
1254 3305 1395 3368 statuam

168 3429 260 3476 suam
288 3415 422 3493 propter
449 3409 631 3476 facundiam
667 3415 700 3476 et
733 3409 957 3492 philosophiae
994 3408 1135 3474 studium
1166 3409 1245 3473 clari
1273 3409 1334 3475 viri
1361 3411 1395 3474 in

166 3517 297 3599 puhhca
319 3517 515 3584 bibliotheca
538 3519 677 3600 positam
701 3537 719 3582 e
742 3517 847 3584 medio
865 3516 1033 3582 sustulisse
1051 3516 1257 3598 conqueritur
1273 3519 1393 3581 orator.

168 3623 310 3700 Quorum
333 3624 538 3706 iniquitatem
561 3625 663 3691 multa
687 3643 757 3692 cum
781 3625 984 3692 cavillatione
1007 3625 1055 3692 ita
1069 3624 1194 3704 irridet,
1219 3629 1257 3690 ut
1271 3624 1313 3688 ad
1328 3642 1394 3688 me·

166 3730 303 3796 moriam
338 3749 428 3798 suam
464 3733 713 3800 conservandam
751 3734 868 3800 statuis
903 3751 967 3799 non
1001 3732 1171 3798 admodum
1207 3749 1287 3813 opus
1323 3749 1419 3796 esse·

167 3835 336 3919 significet.

244 3943 348 4009 -Hanc
382 3944 521 4010 dialexin
557 3946 623 4011 sive
660 3963 767 4012 coram
797 3946 916 4028 populo
946 3965 1004 4012 seu
1031 3946 1064 4010 in
1099 3963 1210 4010 eorum
1245 3943 1393 4009 contione

167 4051 223 4132 qui
246 4051 287 4116 ad
311 4051 503 4117 audiendum
520 4058 735 4119 convenerant
749 4052 894 4119 habitam
915 4072 986 4120 esse
1001 4052 1152 4118 Reiskius
1175 4057 1207 4117 et
1222 4052 1392 4132 Emperins

167 4159 237 4223 iure
272 4160 477 4225 contendunt.
538 4159 702 4242 Condigna
741 4165 816 4226 sunt
854 4179 937 4243 quae
975 4163 1164 4242 repetantur
1202 4163 1393 4240 argumenta

166 4265 325 4346 auperti,
356 4266 471 4347 quibus
500 4268 679 4333 orationem
708 4268 903 4334 abiudicavit
925 4268 1050 4332 Dionir
1066 4272 1100 4333 at
1128 4265 1283 4332 hactenus
1306 4267 1392 4331 inter

167 4390 277 4438 omnes
316 4375 474 4440 convenit
510 4371 557 4420 -'
588 4375 720 4440 Addixit
753 4375 911 4442 Fauorino
946 4372 1129 4438 Arelatensi
1166 4391 1230 4437 non
1268 4373 1391 4441 minore
