3432 5400
379 481 443 543 124

565 653 691 708 Clemens
709 651 727 704 l.
746 665 769 704 cv
982 653 985 721 l

372 739 531 750 ..-—-

371 766 517 850 κλῇσθαι
554 764 706 848 ’Λρτεμιν
745 761 799 824 καὶ
840 760 959 846 ταότην

370 875 636 958 παραγενομένην
652 867 683 944 ἐς
700 869 847 954 Actaeos
862 864 959 950 ᾆσαι·

370 975 396 1042 ὦ
422 978 547 1061 Δελφοὶ
575 975 781 1064 θεράποντες
804 973 959 1060 ἑκηβόλον

364 1081 576 1159 ’Λπόλλωνος

370 1187 480 1276 ἦλθον
502 1191 565 1271 ἐγὼ
592 1188 752 1276 χρήσοοσα
776 1187 853 1264 Διὸς
881 1187 960 1252 νόον

371 1297 530 1380 αλχιόχοιο
749 1303 760 1322 “

372 1402 631 1491 αότοκασιχνήτῳ
670 1403 873 1488 κεχολωμένη
904 1399 959 1466 'A-

372 1512 533 1577 πόλλωνι·

370 1621 438 1684 ἐστὶ
472 1617 508 1682 dd
543 1618 596 1683 καλ
631 1617 714 1704 ἄλλη
734 1613 958 1705 Ἐροθραία
1012 1626 1157 1708 Σίβυλλα
1167 1621 1378 1698 ’Λπόλλωνος
1397 1621 1453 1685 καὶ
1468 1621 1587 1700 Λαμίας

365 1725 524 1813 Ἡροφίλη
536 1721 957 1810 καλουμένη·μέμνηται”“)
1013 1733 1098 1796 κατά
1137 1732 1174 1794 dd
1212 1754 1304 1805 τινας
1336 1725 1588 1815 Ἀριστοκράτους

365 1834 629 1920 Ἡρακλείδης
657 1831 674 1896 ὅ
702 1829 890 1905 narranda
917 1833 958 1895 ἕν
1012 1839 1069 1903 καὶ
1087 1835 1223 1913 Ἰδαίας,
1248 1833 1289 1912 ὥς
1313 1836 1345 1899 δ’
1371 1833 1467 1900 ἄλλοι
1490 1839 1588 1918 Κρινο-

371 1947 419 2028 τῷ
441 1947 529 2028 περὶ
550 1945 807 2026 χρηστηρίων·
1012 1944 1121 2033 γάρου,
1152 1943 1194 2020 ὡς
1222 1944 1254 2007 δ’
1273 1941 1492 2029 Ἕρμιππος
1517 1942 1588 2002 Θεο-

1013 2052 1136 2138 διόροο,
1162 2049 1379 2137 Ἐροθραλα
1398 2100 1428 2114 ..
1457 2049 1537 2122 τινὲς
1561 2042 1588 2107 δ’

1013 2155 1117 2243 αὐτὴν
1148 2209 1181 2224 ,.
1212 2161 1384 2239 Λίβυσσαν
1419 2155 1527 2238 (Duris
1563 2155 1590 2216 et

1012 2265 1202 2350 Euripides)
1238 2263 1333 2328 ἄλλοι
1360 2262 1534 2344 Λευκανὴν
1556 2308 1589 2324 ..

1012 2370 1174 2449 ἐδόξασαν
1203 2369 1392 2454 (Timaeus).
1424 2373 1533 2448 γέγονε
1560 2366 1590 2428 δὲ

1013 2489 1080 2551 τοῖς
1110 2477 1238 2564 χρόνοις
1260 2474 1344 2562 μετά
1369 2474 1443 2558 υπχ’
1474 2474 1524 2559 ἔτη
1545 2471 1579 2557 τῇ

1017 2589 1159 2669 Τρωΐκῆς
1211 2581 1359 2657 ἁλιόσεως
1416 2579 1471 2669 [ex
1522 2580 1591 2644 Era-

894 2685 900 2703 “
1013 2691 1173 2757 tosthenis
1245 2691 1372 2755 ratione
1438 2687 1476 2753 cf.
1523 2688 1589 2752 diss.

1011 2817 1043 2880 p.
1057 2798 1098 2861 59
1112 2797 1196 2882 sqq]
1213 2797 1267 2860 καὶ
1283 2793 1481 2873 συνετάξατο
1493 2794 1591 2878 βιβλία

1011 2906 1115 2968 ταῦτα
1139 2904 1204 2968 κτλ.

460 3013 506 3077 Ut
529 3016 693 3075 auctorem
716 3009 947 3090 nanciscamur,
971 3011 1090 3077 indicia
1114 3012 1220 3076 omnia
1244 3010 1455 3092 conligamus:

464 3122 491 3184 1.
528 3118 689 3200 Hesychia
713 3121 746 3182 et
770 3117 927 3182 Clementi
950 3118 1148 3202 biographus
1173 3123 1245 3183 erat
1268 3117 1453 3183 communis.

462 3227 491 3289 2.
529 3224 738 3290 Oraculorum
763 3224 920 3308 syllogam
943 3228 1033 3292 novit
1056 3226 1355 3292 non-christianam.

462 3333 492 3398 3.
528 3331 610 3396 Item
644 3331 802 3396 Demetrii
841 3331 964 3412 Scepsii
1004 3328 1146 3420 Τρωϊκόν
1186 3331 1360 3417 διάκοσμον
1398 3330 1452 3415 [cf.
1483 3330 1588 3396 Philol.

371 3439 501 3504 Unters.
526 3437 571 3521 Η]
595 3438 753 3519 pernovit.
849 3427 851 3432 ’

461 3547 490 3610 4.
527 3544 730 3609 Heraclidem
747 3545 868 3626 citavit,
886 3545 1051 3610 Timaeum
1068 3545 1120 3631 [cf.
1140 3547 1216 3612 dise.
1233 3539 1264 3628 p.
1283 3546 1350 3630 36],
1375 3544 1592 3611 Eratosthenis

372 3650 522 3718 chronica
545 3652 601 3736 [ib.
620 3653 662 3716 56
680 3653 773 3737 sqq.]‚
798 3654 952 3718 Doridem
975 3654 1026 3719 vel
1049 3655 1237 3736 Euripidem
1261 3653 1317 3737 [ib.
1342 3673 1373 3736 p.
1392 3653 1460 3737 35].

463 3761 492 3825 5.
528 3760 603 3843 περὶ
626 3757 806 3845 όμωνόμων
829 3761 968 3842 scripsit.

462 3867 496 3932 Si
508 3869 579 3950 quis
590 3868 624 3932 iu
642 3887 676 3933 se
693 3869 867 3950 coniungat
882 3867 962 3932 haec
978 3869 1118 3950 quinque
1134 3869 1262 3948 indicia,
1278 3869 1445 3934 inventum
1461 3868 1593 3933 arbitror

373 3993 467 4058 quem
483 3976 675 4056 quaerimus.
718 3973 890 4056 Coniungit
913 3974 1121 4057 ‘biographus
1137 3975 1350 4041 Laertianus'.
1389 3975 1436 4040 IV
1452 3981 1486 4040 et
1501 3977 1529 4041 V
1544 3979 1594 4038 aut
1687 4035 1688 4046 ,

237 4086 242 4098 “
371 4101 430 4164 per
454 4101 488 4146 se
513 4087 570 4147 aut
584 4083 706 4148 Laertii
730 4083 969 4164 comparatione
990 4083 1161 4149 manifesta
1177 4089 1265 4164 sunt;
1290 4085 1433 4165 itemque
1448 4083 1591 4166 primum:
1687 4091 1688 4102 ¹

371 4191 456 4255 vitas
479 4190 564 4254 enim
588 4194 711 4271 septem
734 4189 929 4270 sapientium
949 4189 1225 4272 Pythagoreorum
1249 4192 1384 4256 aliorum
1404 4196 1439 4256 et
1455 4190 1592 4256 Clemens

445 4418 496 4490 ¹³⁶)
514 4420 625 4475 ’τούτων’
644 4420 767 4475 inserunt
786 4420 863 4475 codd.
901 4419 946 4491 [ci.
966 4420 1026 4490 ib.].
