3420 5408
1346 474 1387 536 69

158 663 205 746 τῷ
227 660 284 744 τήν
301 658 470 740 Σικελικήν
494 647 677 742 ὀψοποιίαν
700 649 930 738 συγγεγραφότι
952 649 1038 724 εἰκός
1061 654 1120 732 μέν
1144 669 1178 714 σε
1200 645 1225 728 γ’
1249 649 1389 730 ἄμεινον

158 763 248 849 ἡμῶν
283 766 375 830 ταῦτ’
409 763 626 828 ἐπίστασθαι·
661 762 698 828 οὐ
726 759 788 845 γαρ
819 758 908 843 ἡμεῖς
940 781 975 835 γε
1009 759 1102 838 ἴσμεν
1129 757 1202 839 περὶ
1236 757 1388 822 τοιούτων

158 869 413 959 συγγραμμάτων
446 869 555 934 οὐδέν·
591 867 630 937 οὖ
662 867 725 953 γὰρ
753 864 859 931 ποκνοὲ
891 865 1088 948 ε’πεμλξαμεν
1115 865 1151 950 τῇ
1178 862 1309 942 Σικελίᾳ

158 983 255 1067 φέρε
278 977 321 1061 δὴ
344 976 438 1062 πρὸς
461 973 578 1060 αὐτῆς
598 980 662 1059 τῆς
685 975 729 1042 ἐν
751 972 916 1052 Σικελίᾳ
939 972 1143 1057 τραπέζης,
1167 973 1230 1033 εἴτε
1257 973 1387 1033 Μίθαι-

155 1107 211 1158 κος
233 1083 336 1168 αὐτὴν
358 1085 421 1147 εἴτε
442 1089 497 1146 καὶ
525 1081 671 1158 όστιςοῦν
694 1084 883 1166 παρετίθει,
910 1084 941 1142 τί
970 1091 1022 1143 σοι
1049 1074 1217 1162 τεκμήριόν
1244 1074 1310 1140 ἐστι
1332 1083 1386 1160 τῆς

155 1188 310 1276 ἡμετέρας
351 1189 567 1275 φαυλότητος
612 1189 680 1267 Quo
719 1191 868 1270 spectant
905 1185 1005 1253 verba
1038 1183 1256 1265 Olympiodori
1287 1201 1386 1263 supra

156 1293 380 1382 adscripta⁷²).
420 1297 468 1361 Ex
493 1297 605 1364 eodem
628 1295 759 1361 rhetore
783 1313 814 1375 p.
832 1293 897 1356 234
922 1291 1100 1372 desumpsit
1120 1291 1258 1354 alterum
1280 1291 1385 1356 locum

154 1404 275 1469 ibidem
312 1400 516 1486 adlatum⁷⁸).
552 1439 594 1450 -
630 1403 766 1467 Praeter
801 1399 976 1464 Aristidem
1020 1398 1120 1462 semel
1155 1397 1384 1462 Anatolium

155 1511 314 1594 quendam
339 1512 582 1592 grammaticum
606 1508 857 1574 Alexandrinum
880 1506 1067 1588 ceteroquin
1092 1505 1271 1584 obscurum,
1296 1508 1384 1584 post·

154 1637 250 1700 quam
273 1619 442 1682 Platonem
464 1623 616 1700 poemata
639 1635 698 1682 sua
721 1631 941 1681 concremasse
965 1614 1125 1678 dicentem

176 1751 182 1758 ·
294 1721 466 1808 ιἭφαιστε
487 1719 623 1810 πρόμολ’
648 1719 721 1802 οἶδε,
746 1718 890 1786 Πλοίτοιν
910 1719 950 1786 νό
973 1743 1003 1784 τι
1028 1731 1092 1785 σεῖο
1116 1721 1246 1801 χατίζει’

152 1831 314 1912 nonant,
343 1831 417 1896 ideo
440 1833 592 1912 inseruit,
617 1832 694 1913 quia
716 1832 744 1894 is
768 1848 895 1912 quoque
919 1848 990 1894 cum
1012 1829 1183 1894 Homerico
1207 1828 1263 1892 illo
1287 1847 1381 1893 versu

292 1941 459 2023 Ἥφαιστε
481 1937 617 2024 πρόμολ’
641 1933 713 2016 ὧδε,
739 1939 833 2011 Θέτις
854 1937 896 2003 νό
918 1959 949 2000 τι
972 1945 1039 2000 σεῖο
1060 1936 1186 2016 χατίζει’

151 2046 337 2110 felicissime
375 2050 464 2110 certa
507 2046 645 2127 quadam
690 2045 857 2110 occasione
899 2043 1032 2110 lusisset
1046 2039 1095 2126 ⁷⁴).
1143 2081 1187 2090 -
1232 2042 1380 2124 Denique

150 2152 283 2218 Procli
317 2154 430 2219 laudat
462 2149 713 2235 versiculum²⁶).
772 2151 861 2216 Haec
896 2151 937 2216 de
970 2150 1198 2232 Olympiodoro
1234 2169 1381 2230 praemo-

148 2261 257 2325 nenda
279 2265 383 2326 erant.

241 2369 426 2450 Anonymus
450 2370 528 2434 item
547 2366 798 2449 Neoplatonicus
822 2401 866 2414 -
888 2366 1037 2431 Proclum
1061 2365 1145 2429 euim
1169 2368 1263 2428 vocat
1285 2367 1381 2428 θετον

149 2511 193 2523 -
218 2475 267 2539 bis
298 2475 442 2540 nominat
465 2475 674 2540 Aristotelem
697 2493 727 2556 p.
748 2476 785 2553 5,
813 2478 828 2538 1
854 2476 888 2540 in
911 2471 1155 2554 metaphysicis,
1179 2491 1200 2551 p
1220 2472 1250 2550 8,
1276 2472 1317 2534 22
1346 2472 1379 2535 in

148 2583 336 2663 categoriis:
362 2584 417 2664 qui
441 2583 570 2664 quidem
592 2583 655 2647 loci
679 2583 720 2647 ad
743 2583 842 2647 vitam
864 2582 1010 2647 Platonis
1034 2579 1114 2644 nihil
1137 2577 1268 2642 faciunt.

239 2689 331 2754 Duae
353 2690 429 2754 illae
449 2689 545 2769 vitae,
571 2690 639 2754 sive
656 2707 708 2753 res
726 2690 815 2771 ipsas
833 2693 961 2770 spectas
975 2691 1125 2752 narratas
1140 2686 1207 2749 sive
1224 2685 1378 2750 narrandi

146 2797 307 2860 rationem
331 2796 527 2878 singularem
551 2801 585 2860 ot
607 2796 829 2878 symbolicam,
858 2796 910 2862 vel
937 2796 1040 2877 primo
1070 2793 1185 2858 obtutu
1215 2793 1377 2856 internum

146 2903 308 2984 quoddam
343 2903 574 2968 coniunctionis
601 2901 761 2967 uinculum
797 2906 1066 2968 commonstrant:
1103 2899 1269 2982 quaeritur
1296 2899 1376 2962 illud

145 3011 242 3092 quale
258 3010 364 3075 fuerit.
394 3009 485 3091 Nego
501 3009 636 3074 alteram
652 3027 691 3074 ex
707 3011 811 3075 altera
826 3027 984 3088 manasse,
1002 3007 1078 3090 quia
1092 3011 1229 3088 utraque
1245 3005 1376 3070 exhibet

220 3259 256 3330 ⁷2)
276 3263 401 3332 γενναῖος
425 3257 527 3311 ironice
546 3257 589 3310 vel
609 3271 625 3310 a
642 3256 756 3312 Platone
776 3256 887 3311 dictum.
924 3255 1017 3310 Etiam
1035 3255 1216 3324 Porphyrium
1237 3255 1374 3310 Eusebius

142 3367 239 3422 praep,
258 3365 300 3403 ev.
319 3347 344 3403 V
366 3350 407 3416 14,
427 3347 443 3402 5
462 3345 621 3414 adloquitur
646 3344 669 3400 ’ὅ
692 3353 818 3417 γενναῖος
832 3343 966 3414 Ἑλλήνων
986 3344 1139 3416 φιλόσοφος’
1160 3344 1207 3415 [cf.
1226 3345 1373 3400 ΖθΙΙθΓἿ2

141 3459 172 3512 p.
190 3441 242 3497 575
261 3439 312 3509 n.].
1230 3467 1231 3472 =

217 3527 253 3596 ⁷³)
271 3525 304 3581 iu
323 3526 381 3582 οὐδ’
398 3527 524 3593 ἠπίστατο
548 3524 704 3598 ἀνθρώπων
726 3525 814 3587 οὐδείς
834 3525 1024 3596 [Annicerin],
1046 3529 1070 3582 ελ
1086 3525 1124 3598 μὴ
1147 3531 1205 3586 ταῖς
1225 3533 1285 3588 σαῖς
1303 3546 1370 3599 σομ-

143 3625 244 3694 φοραῖς
269 3616 418 3687 [Platonis]
444 3614 609 3689 ἀπεχρήσατο
633 3620 686 3670 κτλ.
726 3615 852 3670 Ceterum
880 3614 1055 3672 Steinhartus
1081 3613 1188 3684 [Leben
1212 3615 1323 3670 Platons
1343 3633 1370 3685 p.

142 3711 197 3768 315
216 3708 256 3778 n]
302 3705 408 3760 Laertii
432 3709 570 3760 auctorem
590 3704 707 3758 coniecit
730 3705 842 3761 subesse
867 3705 999 3760 Aristidis
1022 3703 1056 3758 de
1079 3703 1225 3759 itineribus
1248 3705 1371 3760 Platonis

141 3794 333 3869 disputationi.

216 3885 253 3956 14)
270 3881 385 3939 ἐνταῦθά
404 3902 464 3938 ποτε
482 3883 510 3938 τὸ
529 3886 591 3944 ἔπος
603 3881 687 3937 ελπιίιν
699 3883 876 3956 ηὐδοκίμησεν
888 3887 926 3943 εἰς
938 3881 1089 3952 Ἥφαιστον
1102 3881 1218 3954 ἄρχοντα
1231 3884 1370 3938 ἐπιστάντα

138 3978 171 4051 τῇ
189 3975 277 4030 πόλει·
295 3977 352 4030 elna
371 3971 399 4026 δ’
416 3972 478 4026 atet
495 3971 592 4032 οὕτως·
604 3969 734 4042 Ἥφαιστε
753 3970 867 4045 πρόμολ’
885 3965 943 4039 ὦδε,
963 3971 1055 4044 Φάρος
1075 3970 1107 4026 νό
1125 3994 1150 4028 τι
1168 3978 1224 4028 σεῖο
1239 3976 1349 4043 χατίζει.

215 4063 252 4134 ⁷⁵)
269 4079 296 4133 p.
314 4065 340 4132 2,
361 4064 402 4118 17·
433 4060 577 4133 cumipse
597 4061 797 4132 dithyrambum
818 4061 872 4118 ἀπὸ
892 4064 946 4118 ’τοῦ
964 4067 993 4118 ἐκ
1016 4062 1066 4118 δύο
1089 4065 1182 4134 θυρῶν
1207 4062 1368 4124 ἐξελθόντος’

140 4154 294 4212 derivasse
312 4152 353 4207 ita
368 4151 494 4206 Proclum
513 4150 608 4205 infert:
628 4151 758 4206 εἰώθεσαν
777 4152 831 4224 γὰρ
850 4155 876 4206 ολ
894 4151 1005 4224 ἀρχαῖοι
1022 4151 1054 4206 τὰ
1073 4152 1204 4206 αλτιατικιὶ
1225 4151 1368 4224 ὀνομάζειν

140 4249 197 4304 τοῖς
215 4243 268 4296 τῶν
286 4246 382 4296 altiora
404 4238 527 4311 ὀνόμασι,
552 4239 677 4313 καθάπερ
695 4242 743 4295 καλ
767 4241 813 4296 τὸν
830 4240 958 4297 Διόνυσον
976 4244 1097 4298 καλοῦσι·
1117 4241 1163 4295 διὰ
1183 4244 1229 4295 καὶ
1248 4241 1262 4296 ὁ
1279 4241 1365 4314 Πρό-

139 4338 221 4395 κλος
239 4334 300 4402 περὶ
318 4330 410 4385 τοότοα
429 4334 525 4399 φησιν’

371 4415 443 4473 ‘ico'
460 4419 681 4475 caronnacum
698 4422 860 4492 εφημλξαντο
879 4421 982 4486 τοκῆες’.
