3420 5408
1335 461 1378 527 43

150 643 235 707 enim
262 641 411 707 lubenter
440 640 576 722 largior,
605 639 689 704 hunc
717 639 837 718 locum,
862 640 890 703 si
914 638 1023 704 solus
1046 656 1114 720 per
1137 656 1179 704 se
1203 643 1377 720 spectetur,

150 749 251 815 videri
280 750 469 814 enodatum:
495 753 529 812 at
552 749 585 812 in
608 765 702 812 usum
726 750 758 811 et
782 745 1044 811 consuetudinem
1067 744 1235 826 scriptoris
1258 745 1379 810 insinu-

149 857 267 922 andum
291 862 349 922 est.
396 856 440 921 Et
463 855 631 921 observavi
659 854 747 936 apud
770 853 909 919 seriores
938 852 1164 934 compilatores
1193 845 1287 928 οὗτος
1314 871 1378 918 non

149 963 243 1029 modo
267 964 310 1028 ad
333 964 527 1028 anteriorem
551 962 710 1045 quendam
733 960 913 1042 proximum
934 963 1091 1040 spectare,
1117 959 1175 1023 sed
1190 959 1378 1040 saepissime

150 1072 302 1136 adeum
326 1072 371 1136 de
395 1090 470 1153 quo
493 1089 569 1135 uno
593 1087 742 1151 quoque
766 1068 898 1150 agitur
922 1063 1113 1148 capite⁴²).
1145 1065 1233 1144 Quae
1249 1066 1378 1149 quidem
1446 1120 1448 1126 .

149 1179 201 1244 lex
247 1176 423 1260 efflagitat,
468 1181 505 1243 ut
549 1181 660 1258 spreta
697 1175 967 1257 interpretatione
1005 1172 1240 1238 Nietzscheana
1281 1173 1379 1238 verba
1487 1187 1491 1191 ·

142 1283 380 1371 Ἐρατοσθένης
397 1284 435 1348 δέ
449 1301 535 1370 φησι,
558 1279 648 1347 καθδ
672 1289 727 1346 καῖ
744 1286 935 1366 Φαβωρῖνος
949 1333 955 1346 .
971 1282 1222 1365 .παρατίθεται,
1240 1279 1380 1344 τοῦτον

150 1395 237 1455 εἶναι
272 1389 331 1456 τόν
364 1397 494 1476 πρῶτον
526 1389 679 1472 ἐντέχνως
712 1386 937 1454 πυκτεύσαντα
972 1387 1037 1453 κτλ.
1076 1388 1116 1452 ad
1151 1387 1378 1469 philosophum

149 1496 342 1579 referantur,
368 1499 519 1581 quoniam
542 1497 581 1562 de
606 1515 644 1562 eo
668 1497 775 1578 agitur
798 1500 868 1562 toto
892 1495 1008 1576 capite,
1033 1513 1097 1559 nou
1120 1494 1196 1576 quia
1218 1495 1252 1559 in
1270 1495 1379 1576 priore

148 1604 290 1670 indiculo
315 1605 447 1670 ultimus
471 1609 649 1687 comparet:
675 1604 728 1669 hic
751 1605 836 1669 enim
859 1602 994 1668 fortuito
1018 1601 1126 1667 evenit
1149 1619 1331 1666 cousensus.

238 1713 360 1778 Dubito
385 1714 482 1776 etiam
506 1713 546 1777 de
569 1712 774 1777 Eudoxorum
798 1711 1075 1793 Archytarumque
1098 1708 1265 1791 catalogis.

239 1819 316 1884 Vlll
339 1821 380 1884 82
404 1818 562 1898 Γεγόνασι
584 1819 620 1883 δὲ
636 1815 819 1903 Ἀρχῦτατ
841 1822 1004 1904 τέσσαρες·

238 1931 366 2010 πρῶτος
388 1922 485 2002 αὐτὸς
509 1921 616 2002 οὗτος·

239 2032 382 2119 δεύτερος
405 2035 628 2120 Μυτιληναῖος
650 2031 813 2118 μουσικός·

239 2144 341 2226 τρίτος
362 2141 439 2228 περὶ
460 2145 615 2226 γεωργίας
638 2138 884 2225 συγγεγραφοίς·

238 2251 387 2334 τέταρτος
410 2243 745 2332 ἐπιγραμματοποιός·

238 2351 319 2419 ἔνιοι
330 2359 386 2418 καί
397 2359 547 2436 πέμπτον
558 2350 772 2440 ἀρχιτέκτονα
784 2368 887 2439 φασιν
899 2349 936 2419 οὗ
950 2359 1081 2444 φέρεται
1092 2355 1222 2438 βιβλίον
1232 2356 1306 2438 περὶ
1319 2377 1378 2438 μη-

148 2456 366 2547 χανῆςοῖρχὴν
377 2461 451 2544 ἔχον
461 2458 595 2548 ταύτην·
613 2459 702 2527 ’τάδε
713 2462 804 2548 παρὰ
815 2460 955 2549 Τεύκρου
966 2462 1189 2550 Καρχηδονίου
1202 2458 1376 2548 διήκουσαῖ

238 2567 316 2633 VIII
339 2570 381 2634 90
405 2566 563 2649 Γεγόνασι
586 2568 622 2634 δὲ
643 2569 820 2647 Εὔδοξοι
842 2579 940 2656 τρεῖς·

238 2669 338 2750 αὖτδς
359 2670 467 2752 οὗτος·
1019 2753 1023 2759 ¹

239 2786 346 2867 ἕτερος
364 2779 487 2860 Ῥόδιος
511 2780 652 2871 ίστυρίας
675 2783 922 2871 συγγεγραφώς·

238 2893 341 2975 τρίτος
363 2890 553 2977 Σικελιώτης
574 2899 653 2968 παῖς
669 2887 914 2971 Ἀγαθοκλέους
935 2888 1069 2978 ποιητὴς
1095 2890 1267 2977 κωμῳδίας
1287 2892 1378 2964 νίκας

149 2996 232 3064 ἑλὼν
255 2992 388 3074 ἀστικὰς
409 3002 470 3081 μὲν
492 3011 586 3085 τρεῖς,
610 2999 778 3086 Ληναῖκοὶς
800 3000 838 3064 δὲ
860 3003 965 3084 πέντε,
988 2997 1083 3063 καθυί
1107 3015 1203 3084 φησιν
1219 2993 1379 3064 Ἀπολλό·

149 3105 251 3193 δωρος
273 3105 310 3171 έν
331 3109 515 3192 Χρονικοῖς·

240 3210 429 3299 εὑρίσκομεν
452 3213 487 3277 δὲ
510 3214 565 3277 καὶ
584 3213 690 3279 ἄλλον
708 3211 965 3300 ίατρόνΚνίδιον
980 3211 1053 3298 περὶ
1069 3207 1107 3277 οὗ
1125 3229 1225 3299 φησιν
1234 3213 1378 3293 Εὔδοξος

221 3389 259 3460 42)
276 3390 333 3446 Res
351 3387 433 3443 facile
451 3389 609 3459 dispicitur:
629 3389 677 3459 IX,
696 3392 722 3459 5,
742 3391 776 3446 25
795 3389 892 3456 Ζήνων
906 3388 1040 3456 Ἐλεάτης·
1065 3390 1158 3446 τοῦτον
1172 3390 1377 3446 Ἀπολλόδω-

150 3476 206 3548 ρός
226 3495 307 3546 φησιν
326 3479 397 3530 είναι
415 3477 444 3528 ἓν
460 3481 599 3546 χρονικοῖς
618 3474 697 3546 φύσει
714 3477 767 3548 μὲν
788 3474 980 3547 Τελευταγόρου
1003 3479 1077 3530 θέσει
1099 3477 1127 3530 δὲ
1146 3477 1377 3549 Παρμενίδου·

150 3563 225 3632 περὶ
244 3558 361 3616 τούτου
381 3559 450 3631 [scil.
470 3560 504 3614 de
523 3561 646 3630 Zenone]
667 3562 713 3614 καὶ
731 3565 865 3616 Μελίσσου
881 3567 974 3634 Τίμων
992 3563 1058 3632 oroi
1075 3562 1165 3616 ταῦτα.
1190 3559 1324 3618 Crederes
1342 3562 1376 3618 de

151 3645 315 3701 Parmenide
328 3645 429 3700 dixisse
443 3645 592 3700 Timonem.
622 3645 663 3701 lb.
678 3648 711 3701 29
731 3644 772 3701 ὅτι
784 3648 812 3700 δὲ
826 3647 1087 3720 γεχόνασιΖὴνωνες
1098 3647 1168 3701 δκτώ
1181 3650 1210 3700 ἰν
1221 3648 1257 3718 τῷ
1269 3654 1378 3702 Κιτιεῖ

153 3732 291 3804 [Zenone]
319 3733 507 3804 διειλέγμεθα·
538 3731 637 3804 ἤκμαζε
662 3733 691 3785 δι’
715 3725 810 3793 οὗτος
835 3731 905 3804 [scil.
929 3731 963 3786 de
988 3747 1043 3800 quo
1072 3731 1164 3800 agitur
1187 3731 1296 3801 Eleate,
1322 3749 1377 3788 non

151 3815 279 3870 Citiensis
299 3816 346 3884 qui
366 3815 487 3887 videtur]
506 3820 560 3870 κτλ.
576 3816 624 3885 lx,
638 3819 663 3885 9,
677 3819 710 3873 57
732 3817 880 3888 [Diogenes
892 3815 1078 3888 Apolloniata]
1098 3811 1130 3884 ἦν
1148 3817 1178 3870 δὲ
1197 3822 1252 3877 τοῖς
1268 3817 1378 3888 χρόνοις

151 3900 210 3954 κατ’
224 3901 253 3955 Ἀ
261 3899 470 3972 ναξαχόραν·
490 3903 607 3955 τοῦτον
628 3901 696 3970 [scil.
716 3901 878 3972 Diogenem]
898 3905 981 3974 φησὶν
994 3899 1007 3955 ὃ
1021 3900 1158 3972 ψαληρεῠς
1175 3901 1322 3974 Δημήτριος
1335 3941 1342 3954 .
1353 3941 1377 3956 ..

152 3987 197 4039 δια
216 3989 305 4058 μέγαν
324 3984 432 4056 φθόνον
450 3987 548 4058 μικροῦ
566 3985 742 4041 κινδυνεῦσαν
760 3987 911 4054 Ἀθήνησιν.
961 3986 1057 4054 Neque
1082 3987 1162 4040 aliter
1185 3985 1252 4041 illud
1276 3985 1378 4049 αὐτὸς

151 4064 244 4130 οὗτος
268 4070 297 4123 in
320 4070 451 4140 catalogis
478 4071 545 4139 ipsis
569 4072 701 4141 explicari
724 4077 830 4141 potest,
855 4072 932 4127 velut
955 4072 984 4126 in
1005 4072 1222 4142 Pythagorarum
1246 4071 1378 4140 catalogo.

151 4155 237 4210 Missa
260 4155 384 4223 exempla
407 4162 501 4210 cetera
522 4155 673 4211 innumera.
709 4157 753 4210 Ex
773 4156 858 4211 Suida
879 4173 962 4212 unum
985 4156 1137 4211 adscribam
1156 4172 1176 4210 s.
1197 4172 1222 4210 v.
1242 4154 1377 4227 ’Προκλεί-

151 4243 198 4308 δης
216 4279 223 4292 .
238 4279 264 4293 ..
284 4239 357 4302 ὅστις
369 4239 502 4313 Διδόμῳ
520 4243 562 4313 τῷ
580 4240 705 4296 πάνυ..
724 4246 873 4314 ἐφοίτησεν·
893 4234 987 4303 οὗτος
1008 4240 1193 4311 [Heraclidem
1213 4256 1266 4295 von
1289 4240 1377 4310 Didy-

150 4325 221 4397 mus]
241 4327 299 4380 ἐκεῖ
317 4325 598 4398 ἢκουσενῖλπερος..,
617 4331 720 4398 ἔγραψε
746 4332 836 4398 βιβλία
854 4337 880 4400 η’
904 4332 958 4382 κτλ.
976 4357 1011 4366 -
1029 4325 1097 4381 Veri
1114 4330 1221 4394 partem
1235 4326 1377 4396 perspexit

151 4409 247 4465 Rohde
269 4412 349 4480 [mus.
368 4411 446 4467 rhen.
464 4411 557 4467 XXVI
576 4411 671 4484 [1871]
692 4429 719 4482 p.
738 4415 790 4468 569
808 4412 856 4484 n.].
