3420 5408
246 640 276 705 3.
301 638 459 706 Incerta
481 645 690 707 remanent

370 748 448 813 Cum
470 749 613 815 Isocrate
636 749 778 814 amicitia
801 748 1048 834 [Praxiphanes]

369 856 481 922 Dionis
504 856 656 938 ohoregia
679 856 932 942 [Athenodorus]

426 1015 445 1043 ‚‚
503 964 635 1029 divitiae
659 962 809 1048 [Onetor]

370 1070 438 1135 Iter
461 1071 652 1153 Megarense
676 1070 924 1156 [Hermodorus]

372 1176 529 1243 Chabriae
552 1178 695 1244 defensio

371 1284 542 1350 Methodus
565 1287 599 1352 in
622 1285 809 1351 disserendo

370 1391 531 1474 Archytae
556 1395 696 1476 epistula

370 1499 654 1584 Apophthegmata

371 1605 670 1691 Testamentum⁸⁸).

249 1713 318 1778 Iam
334 1733 415 1796 quae
434 1716 634 1797 exprobetis
653 1713 851 1780 consectaria
867 1719 943 1779 suut
961 1715 1182 1796 quaestionem
1199 1718 1239 1782 ‹le
1255 1717 1385 1783 Laertio

154 1821 340 1885 institutam
369 1840 406 1885 eo
432 1828 637 1903 promovent,
673 1825 710 1886 ut
732 1821 870 1888 bonam
893 1823 1195 1888 Laertianarum
1218 1825 1386 1890 vitarum

156 1934 310 2010 partem
344 1929 413 2002 uni
448 1930 580 1996 deberi
614 1929 834 2012 biographo
870 1967 914 1978 -
940 1949 992 1994 me
1020 1930 1125 1994 iudice
1153 1930 1311 1998 Favorino
1341 1969 1384 1981 -

155 2036 415 2102 iudicandum
452 2038 511 2102 sit.
563 2038 646 2103 Nam
674 2056 745 2102 oum
772 2056 836 2101 non
864 2038 968 2102 solum
994 2038 1028 2102 in
1055 2037 1200 2103 Platonis
1227 2039 1295 2104 vita
1330 2041 1387 2106 sed

156 2144 193 2207 in
218 2143 364 2208 omnibus
388 2145 429 2209 ad
453 2145 564 2210 eadem
589 2145 777 2228 saepissime
793 2149 946 2225 provocet
961 2145 1156 2226 testimonia,
1181 2146 1386 2229 inpromptu

158 2256 211 2315 est
233 2256 388 2332 quantum
412 2252 460 2316 illi
484 2253 527 2317 sit
549 2252 756 2317 reddendum.

249 2356 339 2423 Haeo
362 2363 451 2423 certa
473 2363 620 2424 tenemus
643 2360 784 2425 ratione:
821 2359 915 2440 plura
947 2358 1194 2452 suspicabimur3
1231 2365 1266 2424 at
1300 2359 1388 2424 illinc

159 2481 289 2545 semper
313 2471 363 2529 est
386 2463 660 2547 proficiscendum.

584 2717 613 2783 2.
642 2719 683 2786 lle
707 2719 874 2786 Aristotelis
897 2719 967 2784 rita.

530 2874 560 2914 a.
580 2859 624 2914 no
642 2859 818 2915 Ptolemaeo
837 2860 870 2914 et
887 2859 1024 2915 Laertio.

256 2987 284 3048 1.
316 2983 450 3050 Constat
483 2985 568 3050 iuter
598 3003 723 3065 omnes,
761 2989 918 3067 quotquot
948 2985 988 3049 de
1016 2984 1192 3066 Aristotele
1219 2983 1387 3066 scripsere,

162 3091 264 3156 vitam
309 3089 744 3158 Pseudoammonianam
790 3091 854 3177 [ed.
894 3091 1118 3156 Westermann
1164 3094 1239 3172 post
1277 3089 1390 3155 (lobeti

163 3198 330 3263 Laertium
369 3201 468 3280 p.10
509 3199 593 3284 squ]
633 3200 903 3281 Menagianam
942 3200 964 3265 i.
994 3218 1022 3264 a.
1056 3197 1291 3280 Hesychianam
1331 3196 1386 3282 [ib.

163 3325 196 3387 p.
213 3307 252 3370 12
270 3301 381 3392 sq.]⁸⁹)
405 3305 644 3373 Marcionem
668 3306 731 3392 [ed.
745 3307 857 3372 Robbe
873 3307 974 3388 bugd.
988 3307 1059 3371 Bat.
1077 3305 1175 3390 1861]
1193 3324 1388 3371 communem

164 3537 216 3589 per
235 3519 382 3575 tenendum
407 3534 431 3572 o.
449 3518 478 3572 h.
496 3517 627 3572 Favorini
645 3517 815 3573 elaboratam
842 3534 902 3574 esse
921 3520 964 3573 ‘ex
982 3518 1075 3572 multia
1093 3523 1122 3572 et
1142 3517 1227 3572 variis
1250 3524 1278 3572 et
1301 3533 1389 3572 remo·

164 3610 203 3664 tis
221 3607 401 3664 lectionihns'.
439 3607 480 3662 cf.
498 3625 524 3676 p.
544 3610 579 3662 48
598 3623 657 3675 sqq.

238 3695 276 3767 ⁸⁸)
294 3697 497 3752 Testamentum
511 3696 692 3751 Stratonis
704 3695 879 3751 Laertianum
896 3712 930 3750 ex
943 3697 1106 3751 Aristone
1122 3694 1202 3750 fiuxit
1215 3696 1240 3751 V
1253 3700 1287 3752 64
1304 3696 1388 3751 ‘ratri

166 3809 220 3844 nov
237 3787 371 3860 συνήγαγε
394 3789 440 3841 καὶ
459 3786 616 3858 Ἀρίστων
633 3791 758 3846 οἰκεῖος
784 3786 854 3856 [scil.
876 3782 890 3840 ὁ
909 3789 1012 3856 Κεῖος].
1039 3786 1084 3840 Sic
1106 3787 1183 3841 codd·
1211 3801 1245 3840 ex
1262 3785 1388 3839 Habueri

166 3877 306 3933 memoria.
342 3876 430 3932 Cobet
449 3873 472 3930 ‘6
491 3875 580 3938 Xiog’:
603 3875 694 3930 neutri
713 3875 877 3930 eredendum
896 3881 947 3930 est.
966 3909 999 3917 —
1018 3875 1225 3930 AristotelIs
1244 3882 1389 3930 testamen-

167 3972 226 4021 tum
253 3966 393 4021 habebant
417 3965 500 4020 etiam
524 3965 732 4034 Hermippus
759 3964 807 4036 [of.
831 3965 897 4020 Aah.
919 3965 987 4018 XIII
1008 3982 1035 4034 p.
1056 3967 1109 4021 589
1131 3963 1174 4035 a]
1200 3970 1228 4019 et
1256 3965 1388 4020 Andro-

139 4126 143 4130 ,
168 4057 267 4112 nicus
286 4055 357 4126 [vita
373 4055 491 4110 Aristot.
509 4054 651 4109 Marciana
671 4055 714 4110 ed.
732 4055 837 4123 Robbe,
856 4054 944 4124 Lugd.
961 4055 1022 4110 Bet.
1044 4056 1110 4110 1861
1129 4069 1156 4122 p.
1175 4054 1215 4122 8].
1251 4054 1388 4110 Androni·

168 4160 217 4200 aus
235 4145 306 4199 nihil
323 4145 358 4200 ad
376 4144 535 4214 Diogenem.
1399 4171 1402 4176 -

241 4231 279 4304 ⁸⁹)
296 4233 435 4304 Originam
458 4233 627 4288 demonstrat
650 4232 750 4288 Suidae
772 4232 938 4302 comparatio
958 4231 1006 4302 [ot
1025 4231 1058 4286 V.
1078 4229 1148 4284 Rore
1166 4230 1209 4285 ‘de
1231 4231 1389 4287 Aristotehs

169 4322 302 4375 librorum
321 4321 425 4377 ordine'
444 4327 497 4376 ete.
514 4338 541 4391 p.
556 4324 592 4377 48
610 4321 689 4395 sqq.].
703 4353 735 4362 —
750 4320 878 4376 Veterem
896 4319 1102 4374 translationem
1118 4319 1273 4374 Marcianae
1292 4320 1388 4376 omitto

170 4410 277 4481 [Robbe
295 4428 322 4480 p.
344 4414 376 4466 10
394 4413 476 4481 sqq.].

223 4499 596 4553 ruirorog.untmu0uungen111.
1178 4499 1193 4552 6
