3432 5400
323 500 386 567 150

321 701 392 748 cum
414 681 519 763 ipsum
534 677 727 744 Favorinum
749 693 789 742 ea
811 675 852 743 ab
867 675 1053 760 Hippoboto
1069 681 1126 744 aut
1140 677 1283 744 Diodoro
1302 677 1383 764 (sive
1398 677 1538 761 Ephesio

321 791 387 856 sive
410 787 589 854 Eretriensi
618 784 656 851 ol.
681 785 846 868 Hippolyt.
878 784 995 868 philos.
1019 787 1050 867 2,
1076 786 1132 870 11)
1160 788 1322 871 accepisse
1345 793 1540 870 sequature
1653 868 1654 872 ρ

320 898 414 981 §dh
441 897 492 960 70.
527 893 602 959 hinc
629 893 783 958 iudicium
812 896 962 975 paratum
991 897 1042 958 est
1067 894 1107 960 de
1130 891 1346 978 υυνεμπτιίσει
1369 915 1447 962 sane
1469 915 1540 979 spe·

322 1006 417 1071 ciosa.
451 1002 565 1069 Suidas
589 1000 629 1067 de
644 1000 801 1066 Phalereo
816 1000 982 1066 Demetrio
1005 998 1105 1077 οὕτως
1119 997 1159 1086 ἢν
1174 1000 1306 1089 σφόδρα
1326 998 1486 1091 οὗπρτπὴς
1500 1002 1541 1081 τίς

320 1111 376 1177 καὶ
400 1109 559 1196 διαβολήν
574 1109 690 1192 λαβεῖν
709 1104 758 1172 ὅτι
779 1111 912 1188 γέγονεν
934 1105 1089 1194 έροίμτυος
1105 1113 1234 1184 Νέωνος
1247 1115 1302 1174 καὶ
1323 1123 1540 1200 προσαγορευ-

321 1223 426 1306 θῆναι
448 1214 513 1284 ὑπό
535 1238 635 1283 τινοιν
657 1211 758 1282 adedo
780 1213 948 1300 Λαμπετώ
969 1215 1026 1280 καί
1041 1217 1340 1306 Χαριτοβλέφαρον.
1380 1219 1540 1304 Diogenes

322 1327 351 1392 V
375 1327 417 1390 76
440 1328 516 1406 post
536 1324 641 1389 locum
663 1323 898 1406 perturbatum.
937 1320 977 1410 ἢν
999 1323 1034 1388 ἐκ
1056 1324 1111 1412 τῆς
1132 1322 1288 1401 Κόνωνος
1310 1328 1412 1404 οίκίας
1433 1325 1476 1404 ὥς
1499 1330 1539 1394 Φ.

322 1432 358 1499 ἐν
381 1431 412 1495 α’
434 1438 496 1496 τῶν
516 1427 566 1496 Ἀ.
598 1435 704 1516 φηοίν,
739 1425 811 1495 ἀλλ’
841 1429 922 1522 ἀυτῇ
954 1429 1011 1496 καὶ
1045 1427 1169 1512 adram
1192 1431 1328 1522 συνῴκει
1358 1440 1478 1518 Λαμίᾳ
1505 1441 1542 1526 τῇ

200 1587 202 1592 .
323 1538 473 1628 ἐρωμένῃ,
497 1536 650 1623 καθάπερ
673 1534 692 1602 d
716 1533 814 1612 αὐτὸς
842 1537 880 1605 έν
901 1539 948 1628 τῷ
969 1537 1002 1604 α’
1024 1545 1112 1626 φησί.
1159 1536 1245 1606 ἀλλὰ
1272 1545 1327 1606 καὶ
1353 1538 1417 1608 ὕπὸ
1441 1539 1541 1607 Κλέα-

324 1670 380 1723 νος
409 1649 616 1713 πεπονθέναι
644 1643 682 1710 έν
708 1647 753 1733 τῷ
785 1640 815 1730 β’
844 1643 969 1736 ἱστορεῖ.
1016 1648 1161 1734 Δίδυμος
1188 1647 1217 1714 δ’
1245 1647 1282 1713 έν
1298 1652 1543 1732 1Συμποσιακοῖς

322 1759 377 1818 καὶ
399 1752 688 1840 Χαριτοβλέφαρον
720 1749 776 1818 καί
805 1753 973 1836 Λαμποτὼ
1006 1753 1182 1820 καλεῖσθαι
1215 1751 1317 1822 αὐτόν
1349 1771 1448 1843 φησιν
1475 1752 1544 1822 aino

323 1884 409 1937 τινος
431 1857 573 1944 ἑταίρας
598 1860 728 1945 Didymi
750 1862 855 1928 locum
878 1863 1030 1945 apposuit
1053 1863 1151 1930 etiam
1173 1863 1358 1930 Athenaeus
1372 1863 1451 1930 XIII
1468 1865 1541 1932 593.

324 1970 459 2037 eundem
483 1987 554 2035 esse
570 1969 712 2035 Neonem
736 1975 769 2036 et
793 1968 942 2036 Cleonem
962 1969 1071 2053 patet:
1101 1975 1209 2037 utrum
1231 1990 1347 2038 nomen
1370 1973 1477 2039 verius
1501 1973 1544 2039 sit

323 2080 500 2160 ignoratur.
536 2082 644 2143 tamen
668 2083 793 2143 erraret
815 2079 871 2162 qui
894 2077 1025 2145 Suidam
1048 2080 1090 2146 ad
1113 2080 1313 2146 coniunctam
1335 2080 1488 2148 Favorini
1511 2086 1544 2147 et

323 2185 452 2269 Didymi
478 2185 664 2250 memoriam
685 2189 863 2266 revocaret,
894 2185 1011 2251 nedum
1041 2186 1083 2252 ad
1105 2186 1291 2268 Diogenem.
1327 2207 1402 2254 nam
1426 2186 1543 2254 Suidae

324 2298 436 2360 auctor
472 2293 540 2358 sine
575 2292 672 2358 dubio
709 2312 726 2358 e
759 2291 976 2376 pulcritudine
1006 2297 1040 2357 et
1065 2292 1202 2359 mollitie
1230 2291 1387 2360 Demetrii
1415 2297 1545 2362 nomina

323 2402 477 2467 feminina
494 2401 623 2483 repetit,
648 2406 744 2484 atque
761 2400 938 2468 censendus
954 2405 1005 2467 est
1020 2401 1062 2465 ad
1077 2401 1219 2468 convicia
1242 2401 1471 2470 detrectatoris
1495 2423 1544 2471 re·

324 2511 407 2590 dire,
432 2508 544 2592 quales
568 2509 683 2574 eximio
706 2510 775 2576 viro
799 2508 964 2576 Demetrio
989 2509 1151 2592 contigere
1174 2509 1319 2593 plurimi,
1343 2511 1417 2579 vide
1440 2513 1544 2578 Durio

325 2622 358 2684 et
383 2616 564 2700 Carystium
588 2617 746 2683 Athenaei
770 2618 845 2702 (IIII
869 2617 958 2702 542).
998 2623 1110 2683 contra
1136 2617 1307 2702 Didymus,
1337 2639 1415 2687 usus
1439 2640 1544 2704 gram

324 2725 450 2790 matiois
463 2721 536 2810 περὶ
552 2720 721 2810 ἑταιρίδων
733 2724 979 2806 commentariis,
996 2724 1126 2790 aliunde
1142 2725 1254 2790 eadem
1270 2727 1399 2793 uomina
1414 2729 1542 2811 repet‘t

325 2834 440 2916 quodsi
463 2832 643 2916 Hesychius
668 2851 687 2898 a
709 2834 845 2918 Didymo
869 2832 1031 2915 abhorret,
1060 2850 1132 2898 cum
1153 2832 1305 2900 Favorini
1328 2835 1545 2902 Memorabili-

324 2943 385 3008 bus
410 2961 448 3007 ea
471 2946 597 3007 tantum
626 2942 666 3007 de
696 2960 792 3008 causa
820 2942 992 3008 cohaerere
1020 2939 1197 3006 censendus
1225 2945 1275 3006 est
1302 2942 1387 3025 quod
1409 2944 1480 3027 ipse
1504 2945 1545 3010 ad

326 3055 474 3116 auctores
497 3049 570 3115 illos
592 3049 743 3116 Favorini
766 3051 860 3117 redit.
908 3050 979 3133 quis
1007 3048 1145 3134 denique
1174 3049 1312 3132 spondet
1338 3051 1544 3118 hbrariorum

326 3160 452 3224 demum
474 3158 597 3223 incuria
619 3156 738 3224 lactum
762 3177 833 3225 esse
867 3163 905 3225 ut
932 3158 1062 3225 nomina
1086 3156 1162 3224 Dleo
1185 3162 1219 3223 et
1242 3157 1310 3224 Neo
1339 3159 1543 3242 discrepent?

326 3266 433 3349 gravis
467 3265 555 3330 locus
590 3267 623 3332 in
650 3267 830 3350 Protagora
858 3272 917 3334 est.
964 3265 1079 3333 Suddas
1109 3266 1193 3331 enim
1222 3265 1386 3354 ἐπεκλήθη
1419 3265 1545 3357 πρῶτος

327 3367 419 3448 οὗτος
447 3374 613 3458 σοφιστής·
643 3373 768 3461 πρῶτος
790 3375 820 3440 δ’
847 3369 940 3450 οὗτος
962 3371 1037 3451 τούς
1063 3371 1237 3462 ἐριστικοὺς
1259 3372 1372 3459 λόγους
1394 3370 1468 3461 εὗρε
1491 3379 1545 3440 καὶ

327 3478 440 3562 ἀγῶνα
475 3478 582 3560 λόγων
616 3479 799 3566 ἐποιήσατο.
849 3483 1010 3568 Diogenes
1032 3482 1079 3549 IX
1103 3483 1145 3548 50
1176 3481 1320 3548 έκαλελτο
1355 3487 1469 3570 σοφία,
1505 3479 1545 3560 ὥς

327 3606 406 3676 φησι
430 3589 469 3654 Φ.
495 3588 531 3654 ἐν
555 3593 597 3656 11.
606 3587 640 3654 ⁴1.
670 3591 723 3653 καὶ
750 3595 874 3678 πρῶτος
903 3591 964 3679 ἔφη
992 3588 1049 3658 δύο
1077 3590 1191 3673 λόγους
1217 3593 1302 3657 alvan
1327 3596 1400 3678 napi
1422 3592 1545 3668 παντὸς

327 3697 515 3782 πράγματος
538 3692 774 3781 ἀντικειμένους
797 3695 956 3785 ἀλλήλους,
980 3698 1026 3774 οίς
1044 3703 1099 3762 καὶ
1114 3698 1288 3785 συνηρώτα,
1311 3704 1437 3786 πρῶτος
1451 3703 1544 3765 τοῦτο

327 3803 460 3890 πράξας.
497 3805 525 3869 si
551 3804 708 3872 Favorino
739 3825 815 3872 usus
845 3812 932 3874 esset
953 3806 1148 3890 Hesychius,
1178 3810 1279 3892 σοφία
1307 3811 1364 3872 aut
1391 3806 1544 3891 σοφιστής

329 3918 512 3994 corruptum
536 3918 623 3978 esset
644 3913 834 3980 habendum.
871 3915 962 3998 atqui
985 3913 1162 3998 sophistam
1185 3914 1323 3996 primum
1345 3911 1444 3980 fuisse
1467 3914 1543 3980 Pro-

327 4026 473 4103 tagoram
496 4039 588 4086 nemo
612 4021 749 4103 ignorat,
775 4027 887 4088 oontra
908 4022 1052 4088 Zellerus
1075 4023 1241 4088 verissime
1263 4022 1423 4088 intellexit
1444 4019 1543 4088 Fauo·

327 4130 433 4194 riuum
456 4147 630 4210 cognomen
645 4129 830 4212 Democriti,
854 4130 909 4213 qui
925 4117 1097 4196 secundum
1112 4147 1280 4212 perversas
1304 4133 1447 4195 aetatum
1463 4149 1543 4196 com-

328 4237 511 4318 putationes
526 4236 724 4318 Protagorae
740 4242 933 4320 praeceptor
956 4235 1129 4318 ferebatur,
1151 4237 1192 4302 ad
1206 4237 1419 4320 Protagoram
1441 4242 1543 4304 trans-

328 4343 451 4407 tulisse.
486 4342 634 4409 similiter
648 4345 865 4412 Philostratus
888 4345 922 4409 in
945 4362 1035 4411 suam
1050 4344 1250 4428 Protagorae
1264 4345 1364 4412 vitam
1379 4363 1544 4429 magorum

331 4449 571 4516 contubernium
600 4470 619 4517 a
646 4452 830 4518 Democrito
864 4469 1034 4534 perperam
1068 4452 1206 4518 traiecit.
1262 4471 1339 4535 ergo
1374 4453 1543 4536 Diogenes,
