3432 5400
1328 438 1392 504 135

170 614 324 698 intellegi,
349 614 435 697 quod
456 615 504 682 uti
527 619 599 682 erat
612 615 660 682 ita
675 611 788 680 baberi
804 615 987 698 concupivit
1001 616 1184 684 Romanus'.
1224 617 1269 682 At
1285 635 1392 683 coram

170 722 301 790 Graecis
325 727 376 790 est
398 723 500 792 oratio
524 723 666 808 dicitque
687 721 782 790 homo
805 724 839 790 in
863 723 1028 808 capiendis
1050 723 1249 792 audientium
1276 725 1392 792 animis

169 830 464 898 exercitatissimus!

256 940 287 1006 6.
323 937 429 1020 Negat
466 938 603 1022 denique
640 936 835 1004 Favorinum
872 934 1029 1004 barbaros
1067 943 1255 1006 rocatmum
1291 938 1391 1006 fuisse

168 1045 304 1112 celtas
327 1063 434 1127 snos,
467 1045 502 1112 id
530 1045 616 1128 quod
644 1044 803 1111 commisit
832 1050 951 1112 orator.
1004 1044 1130 1114 smfidt
1157 1046 1391 1114 Philostratum

165 1153 182 1218 l
205 1154 224 1218 8
248 1152 437 1235 produxisse
459 1152 514 1235 qui
537 1150 652 1232 refert,
681 1151 746 1218 tria
773 1151 855 1218 haec
883 1152 917 1218 in
947 1171 982 1220 se
1010 1155 1117 1236 ipsum
1144 1155 1296 1221 miratum
1320 1174 1391 1222 esse

165 1260 373 1326 Favorinum:
412 1256 587 1344 Γαλάτης
625 1256 677 1324 ὤν
710 1254 948 1343 ἑλληνίζειν,
983 1255 1136 1342 εὐνοῦχος
1167 1259 1214 1326 ὢν
1247 1267 1393 1346 μοιχείας

165 1370 344 1454 κρίνεσθαι,
365 1365 492 1448 βασιλεῖ
513 1364 705 1450 [Hadriano]
730 1363 952 1452 διαφέρεσθαι
974 1371 1030 1430 καὶ
1053 1367 1119 1452 ζῆν.

254 1471 380 1542 Sufficit
405 1473 549 1556 Emperii
577 1472 830 1556 argumentatio,
858 1473 1014 1556 quidquid
1041 1475 1174 1542 molitur
1204 1475 1389 1542 blamesius.

252 1580 427 1648 Verissime
441 1600 472 1662 p.
491 1581 533 1645 25
549 1580 630 1646 dixit
644 1579 815 1662 Emperius
828 1578 1067 1648 Corinthiacam
1082 1581 1249 1649 umbratili
1265 1587 1391 1650 scatere

163 1687 344 1754 eruditione
377 1692 410 1754 ct
436 1687 620 1770 importuna
648 1685 815 1752 doctrinae
845 1688 1071 1755 ostentatione.
1120 1689 1224 1756 Multa
1253 1689 1390 1755 inveniri

162 1796 244 1862 satis
270 1795 427 1861 violenter
451 1801 485 1860 et
507 1794 679 1876 imperiose
703 1793 821 1860 adres
844 1794 1058 1860 alienissimas
1082 1797 1232 1862 traducta
1255 1795 1390 1878 diligen-
1487 1852 1493 1865 .

162 1907 291 1985 temque
314 1919 386 1968 esse
409 1918 520 1966 corum
542 1901 641 1966 etiam
664 1900 903 1967 enarrationem
926 1920 1009 1988 quae
1032 1902 1074 1967 ad
1093 1902 1294 1985 propositum
1309 1903 1390 1968 nihil

161 2009 315 2076 valerent.
351 2007 462 2092 anue
477 2009 583 2076 omnia
598 2028 630 2092 p.
648 2008 691 2074 33
707 2009 829 2078 indicat
843 2008 930 2074 baud
945 2009 1098 2076 indecora
1113 2027 1185 2076 esse
1201 2009 1390 2092 omnigenae

160 2117 317 2184 historiae
332 2117 500 2199 scriptore,
524 2117 613 2183 cuius
628 2116 792 2200 ingentem
815 2116 995 2184 doctrinam
1011 2115 1135 2184 Gellius
1159 2116 1388 2201 obstupuisset.

249 2223 383 2307 Singula
404 2224 579 2292 videamus.

252 2334 280 2396 1.
316 2331 473 2397 Accurate
497 2337 607 2398 orator
622 2332 656 2398 iu
671 2329 831 2398 artificum
846 2330 1002 2397 memoria
1017 2335 1090 2396 erat
1103 2334 1262 2414 versatus
1278 2352 1310 2415 p.
1323 2333 1388 2398 553

160 2439 338 2505 Vulcanum
360 2439 506 2504 nominat
527 2437 759 2521 Euphranoris,
783 2458 814 2522 p.
841 2439 905 2504 523
928 2437 1050 2504 Persen
1072 2437 1286 2522 Pythagorae,
1311 2440 1389 2505 abbi

160 2547 251 2611 alios.
268 2582 313 2593 -
329 2543 407 2610 Cum
422 2547 602 2610 ceterorum
616 2545 777 2613 artificum
799 2551 868 2611 tum
890 2545 1003 2628 ipsius,
1027 2544 1231 2628 Pythagorae
1255 2547 1388 2630 eiusque

158 2652 422 2735 homonymorum
444 2652 615 2735 omnigena
638 2652 774 2720 historia
793 2653 940 2720 meminit
963 2671 1001 2718 ex
1017 2653 1190 2720 Polemone
1213 2654 1285 2720 aliis
1302 2674 1387 2720 sum·

158 2765 302 2843 ptorum,
337 2763 435 2842 atque
469 2760 549 2827 adeo
584 2761 808 2828 iudicavit-
837 2761 900 2827 etsi
928 2759 990 2827 hoc
1020 2761 1149 2844 quidem
1178 2761 1248 2828 loco
1280 2760 1385 2828 alieno

158 2867 275 2933 iudicio
299 2902 342 2914 -
367 2867 407 2932 de
429 2867 633 2952 Pythagorae
656 2873 728 2935 arte
750 2875 848 2952 atque
871 2867 1010 2951 iugenio.

248 2976 277 3039 2.
312 2973 514 3042 Herodotum
542 2980 577 3042 et
601 2975 796 3044 Simonidem
820 2976 925 3042 oratio
949 2973 1097 3042 adhibuit
1118 2975 1260 3057 itemque
1283 2974 1385 3040 omni·

157 3099 241 3163 gena
262 3080 408 3148 historia.

247 3189 276 3254 3.
312 3189 409 3256 Dicta
430 3196 650 3260 memorarunt
665 3191 877 3274 Anaxagorae
901 3193 998 3272 atque
1013 3187 1196 3254 Anaxarchi
1220 3193 1253 3255 et
1274 3193 1384 3256 orator

157 3301 191 3363 et
212 3294 467 3384 Favorinus¹⁴⁷):
491 3299 582 3366 illum
608 3338 646 3348 -
665 3319 730 3367 uon
744 3297 991 3381 Xenophontem
1015 3296 1203 3364 Solonemve
1226 3296 1334 3364 Laert.
1351 3297 1384 3364 H

228 3492 278 3564 147)
296 3494 337 3550 De
355 3493 518 3564 Anaxagora
536 3493 571 3548 ci.
589 3494 769 3566 biographnm
788 3492 893 3548 Laertii
911 3491 940 3546 II
960 3495 1001 3548 13.
1037 3491 1080 3545 De
1098 3491 1262 3548 Anaxarcho
1280 3489 1320 3544 IX
1337 3491 1382 3548 59.
1484 3551 1488 3564 Α

154 3582 281 3638 Alterum
298 3584 456 3639 Anaxarchi
483 3583 585 3639 dictum
612 3584 650 3640 ib.
669 3587 704 3641 60
730 3600 764 3639 ox
781 3580 924 3638 Plutarchi
947 3579 1123 3637 ‘Alexandro’
1142 3597 1166 3636 c.
1186 3583 1219 3637 28
1238 3579 1326 3635 fluxit.
1346 3614 1383 3632 -.

154 3672 333 3728 Plutarchum
355 3672 408 3728 etsi
430 3673 473 3729 bis
496 3673 592 3729 citavit
614 3690 670 3729 nou
693 3673 761 3744 legit
778 3681 870 3728 arnon
888 3671 1023 3728 Laertius.
1042 3670 1077 3726 cf.
1095 3671 1135 3726 IV
1153 3674 1171 3726 4
1190 3669 1379 3740 [Speusippus]

152 3758 367 3834 Πλούταρχος
385 3765 421 3818 δέ
439 3782 539 3834 φησιν
557 3769 590 3820 ἐν
607 3763 858 3835 τῷΛοσάνδροο
875 3768 936 3836 βίον
954 3759 1128 3818 codicillo
1148 3760 1310 3831 φθειρσὶν
1328 3763 1379 3814 la·

154 3856 247 3916 ζέσαι
264 3851 369 3908 αὐτόν.
401 3853 443 3909 De
455 3853 608 3924 Speusippo
626 3854 655 3910 in
669 3852 745 3912 Sulla
756 3852 899 3909 Plutarchi
917 3851 1022 3908 nullum
1035 3851 1187 3921 vestigium.
1217 3849 1302 3904 Errat
1320 3847 1379 3903 scil.

154 3941 315 3997 incitando
338 3942 383 3998 rel
404 3943 498 4013 potins
520 3943 624 4000 labitur
645 3943 674 4000 in
699 3943 869 4014 compilando
888 3943 1024 3999 Laertius.
1054 3942 1096 3997 De
1117 3938 1288 4011 pediculis
1307 3937 1379 3993 enim

152 4031 211 4085 illic
229 4032 384 4088 accuratius
403 4032 562 4103 exponitur:
580 4037 682 4106 λέγεται
700 4035 729 4088 δὲ
746 4035 798 4088 τῶν
815 4031 887 4088 πάνυ
905 4033 1027 4088 παλαιῶν
1039 4031 1167 4086 Ἄκαστον
1185 4025 1378 4100 φθειριάσαντα

151 4120 196 4176 τὸν
213 4125 310 4177 Πελίου
326 4124 483 4189 τελευτῆσαι·
502 4123 555 4176 τῶν
572 4122 602 4177 d’
626 4120 740 4195 ὖστὲρων
758 4123 895 4197 Ἀλκμᾶνα
918 4123 962 4178 τὸν
985 4121 1130 4194 μελοποιὸν
1153 4119 1198 4173 καὶ
1222 4117 1378 4189 Φερεκύδην

152 4211 198 4265 τὸν
216 4211 349 4284 θεολόγον
367 4213 413 4266 καὶ
430 4215 597 4279 Καλλισθένη
614 4211 807 4268 τὸνόλὺνθεον
826 4217 854 4268 ἐν
873 4213 958 4285 εἱρκτῇ
976 4208 1188 4282 φρουρούμενον,
1206 4211 1243 4262 ἔτι
1260 4207 1290 4261 δὲ
1301 4205 1376 4261 Μού-

152 4319 211 4354 νισν
227 4301 273 4355 τὸν
291 4301 406 4374 νομικόν
423 4305 475 4356 nl.
511 4303 555 4358 Ab
580 4308 693 4359 auctora
712 4303 817 4359 boemii
837 4302 906 4374 [scil.
924 4300 1072 4370 Favorino]
1092 4298 1257 4354 Plutarchus
1275 4297 1376 4354 citatus

153 4395 204 4445 est.
223 4391 426 4447 -Plutarcho
445 4391 623 4462 inscripserat
641 4393 794 4449 Fauorinus
812 4394 873 4464 περὶ
891 4391 1084 4464 Ἀκαδημαϊκῆς
1101 4391 1247 4452 διαθέσεως
1267 4387 1375 4460 [Galeni
