3432 5400
331 457 394 522 136

331 635 371 700 13
405 671 443 681 -
469 638 596 699 mortuo
624 631 691 698 lilio
715 631 849 698 dixisse:
885 631 974 721 ᾔδειν
997 633 1346 720 commaculasse,
1376 637 1462 702 hunc
1484 657 1553 704 cum

328 740 588 807 aNicocreoutc
619 738 735 822 Cyprio
770 739 896 805 malleis
931 741 1197 824 contunderetur,
1234 741 1391 811 clamasse
1426 745 1551 811 ‘tunde’

329 848 469 929 ‘tunde’,
495 847 728 913 ‘Anaxarchum
750 866 814 914 non
837 847 967 914 tundis’.

419 958 449 1020 4.
485 955 642 1020 Demetrii
657 955 806 1020 Phalerei
830 959 955 1022 statuas
978 973 1088 1021 omnes
1111 973 1176 1022 uuo
1199 956 1253 1022 dic
1275 975 1347 1023 esse
1370 975 1500 1024 eversas
1516 959 1555 1024 ab

328 1061 579 1129 Atheniensibus
602 1080 633 1143 p.
651 1061 714 1126 523
732 1080 778 1144 sq.
803 1062 882 1128 dicit
905 1065 1024 1128 orator.
1064 1059 1152 1128 Gonl.
1176 1061 1285 1129 Laert
1309 1063 1337 1129 V
1361 1067 1403 1128 77
1429 1065 1470 1130 de
1493 1069 1557 1130 sta·

329 1175 458 1236 tuarum
494 1167 672 1234 eversione:
713 1171 948 1254 Φοιβωρτνος
976 1168 1021 1233 δέ
1042 1183 1162 1254 φησιν
1184 1168 1228 1236 ἐν
1249 1170 1292 1259 τῇ
1315 1171 1558 1264 παντοδαπῇ

330 1275 483 1361 ἱστορίη
507 1273 600 1343 τοῦτο
623 1274 757 1360 ποιησαι
776 1277 851 1350 τούς
860 1271 1063 1361 Ἀθηναίους
1080 1280 1264 1364 Δημητρίου
1279 1276 1489 1352 κελεύσαντος
1503 1279 1559 1345 τοῦ

329 1382 496 1464 βασιλέως.
543 1380 633 1446 Nihil
659 1381 760 1462 igitur
783 1383 920 1464 amplius
943 1383 1047 1448 dicam
1070 1381 1194 1465 flagitia
1216 1382 1392 1450 libidInosa
1415 1385 1559 1452 Socratis

331 1489 372 1554 ab
388 1488 581 1553 Aristoxeno
597 1485 675 1552 ficta
690 1506 773 1570 quae
789 1490 992 1572 stringuntur
1007 1509 1037 1572 p.
1057 1491 1122 1555 530
1137 1490 1228 1573 Emp.
1255 1490 1378 1574 [opusc.
1401 1510 1434 1574 p.
1454 1493 1496 1557 27
1513 1493 1559 1577 n.]

331 1596 429 1660 etiam
451 1596 485 1660 in
509 1595 679 1676 omnigena
701 1595 838 1660 historia
860 1601 1002 1664 tractata
1025 1615 1106 1680 esse,
1130 1597 1165 1664 id
1188 1599 1274 1680 quod
1296 1617 1395 1681 supra
1409 1601 1558 1682 vidimus,

331 1721 402 1768 cum
431 1702 471 1768 de
495 1702 637 1769 Socratis
666 1703 733 1768 vita
762 1703 1009 1786 disputaremus.
1036 1741 1078 1752 -
1101 1705 1208 1772 Unum
1236 1705 1415 1788 quodiam
1444 1713 1558 1791 sponte

332 1815 560 1892 consequatur,
596 1809 737 1876 breviter
771 1816 912 1894 tangam.
964 1809 1130 1895 Adespota
1162 1819 1388 1881 remanserrmt
1420 1816 1558 1882 nobise

330 1917 477 1982 Platonis
510 1917 579 1982 vita
605 1916 781 1982 Laertiana
809 1918 942 1984 crimina
969 1920 1003 1985 in
1031 1920 1199 1986 Platonem
1227 1921 1268 1988 ob
1295 1922 1463 1988 libidinem
1487 1941 1558 1988 con-

333 2028 438 2106 gesta:
471 2042 555 2089 nunc
587 2023 667 2088 haec
693 2024 851 2091 Favorino
880 2025 1120 2093 vindicabimus.
1167 2029 1239 2094 Uno
1268 2029 1353 2094 euim
1382 2033 1497 2094 tenore
1526 2029 1557 2094 in

331 2131 561 2212 orationesua
585 2130 790 2198 Corinthiaco
820 2133 963 2215 scripsit:
994 2137 1083 2210 ιίνιις
1104 2133 1167 2220 γὰρ
1189 2130 1279 2202 οὗτοι
1301 2131 1340 2200 οὗ
1363 2133 1557 2219 διαβάλλον-

330 2261 394 2315 ιες,·
419 2232 456 2302 οὗ
479 2234 666 2324 {mapulam
699 2233 737 2306 οὗ
761 2239 983 2328 Πυθαγόρανς
1006 2235 1045 2307 οὗ
1069 2241 1250 2326 Πλάτωνος
1274 2241 1340 2310 κτλ.
1365 2241 1417 2326 [οἱ
1443 2244 1557 2326 Empe·

332 2345 416 2410 rium
438 2343 528 2428 1.ο.].

585 2540 630 2595 11.
658 2538 892 2611 olympiodorus
911 2541 949 2597 dc
967 2541 1134 2600 itineribus
1153 2543 1306 2600 Platonis.

423 2665 669 2748 Olympiodorus
693 2667 733 2731 de
756 2667 926 2734 itineribus
941 2665 1086 2734 Platonis
1107 2670 1280 2734 secundum
1296 2669 1511 2754 Porphyrium
1525 2672 1556 2736 in

332 2776 400 2841 vita
421 2774 567 2840 Platonis
596 2773 761 2855 disseruit,
793 2776 827 2841 in
850 2777 1078 2842 commentario
1100 2776 1134 2840 in
1158 2776 1303 2842 Platonis
1327 2776 1482 2860 Gorgiam
1506 2776 1554 2861 [cf.

332 2882 438 2948 Iahnii
468 2901 541 2948 ann.
567 2881 670 2962 suppl.
696 2879 771 2947 XIV
800 2901 831 2965 p.
849 2884 914 2948 392
931 2882 1016 2967 sqq.]
1049 2887 1180 2966 praeter
1210 2882 1425 2966 Porphyrium
1456 2885 1555 2950 altero

333 3008 411 3054 usus
462 2994 512 3054 est
561 2987 654 3054 libro.
726 2987 891 3056 Contendo
935 2990 1026 3055 illum
1072 3007 1143 3056 esse
1188 2989 1393 3056 Plutarchi
1438 2993 1557 3057 vitam

333 3093 545 3179 Dionis¹⁴⁸).
603 3096 683 3161 Rern
719 3101 840 3162 certam
873 3097 1035 3162 nonnullis
1070 3097 1285 3178 comprobabo
1314 3099 1484 3180 exemphs:
1520 3096 1555 3164 ci

333 3224 365 3286 p.
391 3205 455 3267 393
494 3202 576 3268 med.
617 3197 709 3277 οὗτος
745 3203 785 3268 δὲ
823 3200 843 3268 o‘
880 3207 970 3269 Δίων
1007 3205 1091 3283 εἶχεν
1129 3200 1278 3289 ἀδελφὴν
1308 3199 1556 3292 Ἀριστομάχην,

334 3307 449 3394 ἥντινα
467 3306 637 3384 Διονύσιος
660 3307 677 3374 ὃ
701 3306 856 3395 τύραννος
877 3312 942 3391 εἶχε
963 3319 1117 3390 γυναῖκα
1140 3313 1325 3397 Συρακοσία
1348 3309 1376 3375 δ’
1398 3308 1441 3395 ἦν
1464 3310 1557 3398 αὕτη·

335 3419 398 3497 εἶχε
421 3415 457 3478 δὲ
480 3417 534 3479 καὶ
557 3413 670 3502 ἑτέραν
692 3428 831 3496 γυναῖκα
850 3422 1017 3503 Λοκρττιν·
1041 3420 1194 3483 τοσοῦτον
1215 3413 1283 3504 γάρ
1307 3415 1419 3492 ἄδικός
1442 3441 1489 3494 τις
1510 3413 1557 3504 ἦν,

333 3519 386 3588 ὅτι
414 3521 450 3588 ἐν
477 3529 538 3605 μιᾷ
566 3520 667 3610 ἡμέρᾳ
692 3519 752 3588 δύο
780 3535 936 3603 γυναῖκας
957 3523 1069 3610 ἔγημε,
1100 3521 1159 3610 τήν
1186 3548 1221 3590 σε
1237 3522 1477 3612 Ἀριστομάχην
1504 3525 1558 3612 τὴν

336 3774 398 3843 περὶ
421 3773 504 3844 dolor.
528 3773 580 3824 dod.
603 3787 630 3840 p.
649 3773 700 3827 411
720 3771 824 3843 Kuhn]‚
843 3771 980 3828 Favorino
999 3771 1164 3827 Plutarchus
1182 3773 1305 3844 περὶτοῦ
1322 3773 1427 3844 πρώτον
1446 3777 1559 3847 ψυχροῦ.

338 3863 465 3917 Ceterum
488 3865 659 3933 ἐφιλοτιμεῖτο
677 3863 724 3916 καὶ
742 3863 818 3928 ζῆλον
836 3866 890 3934 εἶχε
908 3862 976 3932 πρὸς
993 3861 1167 3935 Πλούταρχον
1184 3863 1229 3918 τὸν
1246 3867 1391 3936 Χοιρωνέα
1409 3869 1447 3926 εἰς
1465 3866 1493 3920 τὸ
1511 3867 1559 3919 τῶν

336 3955 546 4022 συνταττομένων
563 3955 674 4021 βιβλλων
690 3951 803 4021 ἄπειρον
823 3951 910 4023 [Silili.
928 3968 950 4006 s.
968 3969 994 4007 v.
1013 3952 1194 4025 Φαβωρῖνος].

409 4039 459 4110 ¹48)
478 4039 596 4094 Videtur
614 4040 696 4094 etiam
708 4040 839 4096 Aelianus
858 4041 951 4096 eadem
971 4042 1028 4098 vita
1040 4043 1207 4098 Plutarchea
1224 4059 1284 4098 essa
1297 4059 1370 4114 usus,
1389 4045 1466 4100 velut
1485 4045 1518 4100 V.
1528 4045 1560 4100 H.

336 4130 414 4199 XIII,
436 4133 467 4186 10
487 4129 571 4200 [Plut.
590 4145 613 4182 c.
632 4131 683 4200 Ill]
704 4131 821 4201 saepius,
841 4131 1066 4201 quemadmodum
1084 4133 1315 4203 apophthegmata
1339 4149 1409 4202 quae
1428 4134 1479 4189 suh
1497 4135 1561 4189 Plu·

338 4219 427 4274 tarchi
452 4221 560 4274 nomine
588 4221 642 4276 lam
669 4220 698 4276 id
724 4222 856 4290 temporis
883 4221 1045 4278 ferebantur
1071 4223 1217 4293 exscripsit
1242 4222 1286 4292 [ci.
1310 4224 1339 4278 G.
1359 4223 1492 4292 Schmidt,
1512 4224 1561 4279 ‘Dc

338 4311 599 4379 apophthegmatum
618 4327 689 4378 quae
711 4312 762 4366 sub
780 4311 923 4367 Plutarchi
945 4313 1054 4368 nominc
1073 4311 1201 4367 feruntur
1224 4311 1431 4368 collectionibus
1449 4311 1472 4366 I’
1492 4313 1561 4382 Gry-

337 4397 419 4466 phiae
440 4401 507 4454 1879
525 4416 552 4468 p.
572 4403 606 4456 68
625 4400 695 4470 sqqd
