3420 5408
1314 491 1353 554 91

970 669 974 748 [
1057 666 1185 720 Laertius
1203 665 1277 720 VIII.

1190 751 1350 758 -—-—-—.

123 791 162 836 ea
185 772 282 835 verba
304 769 458 836 detractis
476 769 599 854 pranis
618 770 713 837 aratra
728 794 869 837 murum
884 795 958 838 con·
1271 775 1290 858 §
1315 778 1356 841 10

124 877 278 943 dentium
293 877 445 943 dentium
460 885 612 964 premere
628 927 636 943 .
651 928 681 944 ..
698 879 780 944 Non
800 878 839 943 in
854 886 957 945 totum

125 1005 244 1049 aevum
268 991 378 1050 tamen
399 1006 505 1049 vocem
528 985 755 1051 desuescerent
774 1008 833 1051 nec
847 1009 959 1052 omme

119 1091 209 1182 pari
227 1098 369 1180 tempore
390 1091 545 1179 elingues
567 1092 771 1179 magistrum
794 1096 957 1160 sectaban-

125 1205 196 1273 tur,
213 1201 273 1265 sed
286 1198 508 1285 gravrorz'bus
530 1199 618 1265 viris
640 1200 734 1266 breui
746 1200 853 1289 spatio
873 1201 958 1266 satis

124 1305 300 1372 vz'debatur
307 1305 523 1373 tacz'turm'tas
533 1307 720 1394 modzficata
729 1335 741 1372 .·
752 1308 958 1394 loquaciores

124 1413 294 1479 enzrnvero
324 1414 442 1499 ferme
480 1414 519 1480 in
554 1413 829 1502 quinquennalem
867 1416 959 1480 velut

123 1518 249 1586 exsa'lzo
270 1519 358 1585 vocis
374 1521 626 1607 maechantem

219 1626 277 1692 (lui
305 1629 405 1695 vitam
440 1629 597 1711 surripuit
625 1629 771 1695 Platonis
807 1629 943 1695 eundem
979 1631 1019 1694 de
1047 1630 1234 1713 Pythagora
1261 1632 1356 1696 docte

125 1737 341 1802 disserentem
369 1737 524 1819 expilavit
550 1756 614 1802 non
642 1738 711 1803 sine
743 1738 933 1802 cruditionis
962 1738 1079 1819 specie.
1128 1738 1162 1803 Si
1191 1739 1242 1802 cui
1271 1757 1358 1804 scru-

127 1844 225 1926 pulus
250 1845 289 1909 de
312 1845 490 1925 nonnullis,
515 1845 666 1926 quoniam
690 1844 807 1910 desunt
828 1844 862 1908 in
885 1844 1032 1924 Laertio,
1057 1843 1206 1909 residuus
1229 1845 1257 1908 is
1280 1845 1358 1909 Por·

125 1952 234 2036 phyrii
257 1953 357 2018 vitam
380 1953 585 2036 Pythagorae
614 1971 653 2018 eo
682 1952 839 2017 atientIus
868 1951 1047 2033 perlustret
1076 1951 1217 2016 indidem
1242 1952 1358 2016 deduc-

125 2065 209 2124 tam:
234 2059 280 2124 ihi
304 2060 388 2124 enim
411 2061 537 2142 reliqua
552 2044 656 2141 paene
673 2061 780 2125 omnis
797 2059 1027 2143 deprehendet,
1053 2078 1136 2141 quae
1154 2065 1250 2125 antea
1274 2080 1357 2125 com·

126 2166 296 2234 moditatis
320 2168 427 2249 gratia
450 2172 665 2233 enotayersm.

494 2449 522 2490 c.
546 2435 590 2489 De
609 2433 782 2504 Porphyris
802 2433 834 2488 et
853 2431 991 2489 Laertio.

217 2580 325 2644 Pauca
361 2584 436 2644 sunt
471 2596 554 2662 quae
589 2579 628 2643 de
662 2577 851 2661 biographis
887 2578 1012 2660 graecis
1047 2578 1224 2643 minorihus
1260 2580 1360 2661 probe

126 2688 288 2771 praestita
312 2688 378 2752 sint
401 2692 435 2751 61
458 2686 499 2750 61
522 2686 678 2769 liquidum
702 2686 866 2769 perducta.
907 2685 997 2768 Inter
1013 2705 1095 2768 quoe
1118 2689 1301 2768 praeminet
1322 2688 1358 2753 E.

126 2795 254 2862 Rohdei
284 2795 334 2860 ‘de
356 2793 524 2859 Iamblichi
553 2795 621 2859 vita
644 2793 857 2877 Pythagorae’
889 2794 1116 2860 commentatio
1148 2793 1241 2877 [mus.
1267 2795 1357 2859 rhen.

126 2902 236 2971 XXVI
260 2899 376 2990 [1871]
400 2921 431 2984 p.
457 2901 522 2964 554
546 2919 615 2984 sqq.
664 2901 791 2966 Griech.
821 2920 933 2966 roman
957 2921 988 2984 p.
1015 2902 1133 2965 1531.
1160 2901 1204 2986 2].
1245 2903 1359 2984 Digre-

128 3011 281 3078 dicudum
297 3008 430 3075 Rohdeo
456 3013 527 3074 erat
550 3008 592 3073 ad
614 3008 837 3092 Porphyrium,
868 3014 905 3074 ut
918 3010 1201 3102 'internosceretur
1229 3027 1361 3091 excerp·

128 3125 236 3184 torum
262 3117 444 3196 diversitas,
469 3134 552 3198 quae
575 3116 769 3182 lamblichus
794 3119 875 3182 satis
898 3117 1013 3182 hahuit
1034 3118 1120 3182 inter
1144 3135 1178 3181 se
1202 3117 1359 3182 adsuisse.

130 3224 361 3291 Nicomachum
396 3228 430 3288 et
456 3209 634 3305 Diogenem
663 3223 700 3288 ἐν
733 3236 800 3298 τοῖς
833 3224 906 3310 περὶ
935 3221 1064 3309 Ordior»
1099 3220 1248 3298 ἀπίστοις
1275 3243 1360 3290 nunc

130 3333 260 3400 omitto:
285 3331 418 3396 tertium
442 3349 537 3413 quem
560 3329 617 3394 ille
641 3329 764 3395 detexit
786 3329 907 3395 fontem
929 3349 1116 3414 persequor.
1158 3331 1288 3396 Erravit
1311 3337 1359 3396 ta-

128 3461 203 3508 men
220 3439 382 3520 Rohdeus‚
408 3457 479 3503 cum
495 3437 726 3520 Antiphontem
749 3438 820 3523 περὶ
843 3445 908 3502 τῶν
931 3438 967 3503 ἐν
986 3434 1080 3527 ἀρετῇ
1105 3435 1360 3524 πρωτευσάντων

131 3549 265 3616 subesse
294 3547 468 3612 coniceret:
498 3545 692 3611 Favorinum
721 3564 780 3628 ego
809 3563 932 3611 censeo.
980 3546 1051 3612 Huc
1079 3545 1256 3610 trahendae
1284 3552 1359 3612 sunt

130 3659 151 3742 ξ
176 3659 272 3736 1-2,
298 3656 395 3734 7-9,
423 3653 563 3733 15-19,
588 3654 630 3717 35
654 3653 737 3720 med.
761 3654 860 3734 -43,
885 3653 1027 3732 45-46,
1054 3653 1195 3733 54-57,
1220 3654 1255 3717 3:

342 3758 521 3828 Porphyrius,
541 3757 599 3812 rita
617 3758 697 3827 Pyth.
917 3756 921 3846 [
1007 3756 1136 3812 Laertius
1154 3756 1230 3824 VIII,
1253 3759 1274 3811 l.

131 3893 152 3976 ξ
177 3893 193 3955 1
219 3891 254 3956 P.
281 3889 407 3955 Samius
432 3889 498 3954 sive
523 3887 634 3969 Syrius
660 3883 852 3972 [Nesnthes]
934 3887 994 3968 §L
1020 3884 1357 3970 [Clemensp.129S.]

281 3996 410 4062 Samum
434 3994 591 4059 adventus
616 3989 808 4080 [Neanthes]

280 4102 445 4170 Institutio
470 4100 554 4183 apud
579 4099 688 4181 Syrios
712 4095 905 4186 [Neauthes]

469 4207 553 4290 apud
562 4205 906 4288 Pherecydemechr-
974 4263 1035 4344 Μ

467 4310 905 4401 modamsntem[Neanthes]
1038 4313 1045 4325 “

134 4428 208 4511 §2
280 4423 464 4507 Tyrrhenus
486 4427 566 4487 natu
590 4417 782 4510 [Neanthes]
934 4422 952 4504 §
979 4422 994 4484 1
1022 4418 1320 4508 [Aristoxenusl.
