3420 5408
1323 457 1449 520 25·

229 634 570 719 τεσσαρεσκαιδέκατος
585 629 729 719 Ἐφέσιος
753 632 921 718 ζωγράφος
948 628 987 698 οὗ
1014 638 1172 719 μέμνηται
1194 633 1367 720 Θεοφάνης

140 743 178 808 ἐν
199 745 245 829 cpi
268 749 342 828 περὶ
363 748 531 828 γραφικῆς.

230 849 454 932 Menipponum
477 849 523 915 VI
548 849 610 914 105
633 851 786 929 τέταρτος
809 842 1094 931 ἀνδριαντοποιός·

230 963 373 1040 πέμπτος
395 962 449 1020 καὶ
472 959 561 1031 ἕκτος
585 955 761 1042 ζωγράφοι·
789 957 948 1039 μέμνηται
977 953 1008 1018 δ’
1033 951 1228 1040 ἀμφοτέρων
1244 951 1366 1020 Ἀπολ

140 1062 288 1147 λόδωρος.

229 1169 486 1252 Pythagorarum
509 1169 587 1234 VIH
609 1171 651 1233 47
682 1166 712 1233 οί
736 1168 849 1232 δὲκαὶ
873 1169 978 1234 ἄλλον
1004 1165 1279 1253 ἀνδριαντοποιὸν
1298 1165 1368 1252 Ῥη-

139 1285 232 1355 γῖνον
258 1279 431 1354 ,γεγονέναι
462 1275 543 1358 φασὶ
576 1272 781 1362 Πυθαγόραν
809 1280 938 1360 πρῶτον
970 1274 1127 1340 δοκοῦντα
1156 1273 1287 1362 ῥυθμοῦ
1313 1273 1368 1336 καὶ

140 1387 336 1468 συμμετρίας
359 1380 575 1462 ἐστοχάσθαι·

229 1491 284 1553 καὶ
306 1489 411 1554 ἄλλον
434 1485 713 1575 ἀνδριαντοποιὸν
735 1486 870 1573 Σάμιον.

230 1597 400 1666 Thaletum
424 1597 507 1662 alter
530 1597 546 1662 I
570 1597 611 1662 38
637 1594 807 1681 ζωγράφος
829 1594 1005 1672 Σικυώνιος
1026 1595 1249 1683 μεγαλοφυής·

230 1710 364 1787 quartus
388 1698 425 1768 οὗ
449 1707 606 1788 μέμνηται
632 1704 752 1790 Δοῦρις
774 1703 811 1768 ἐν
832 1704 877 1790 τῷ
899 1710 975 1792 περί
999 1703 1187 1789 ζωγράφων.

230 1811 460 1892 Duodeviginti
488 1812 671 1877 enumeravi
695 1812 871 1876 statuarios
894 1811 1036 1892 pictores
1065 1811 1259 1893 sculptores,
1289 1832 1368 1878 non-

139 1920 245 1988 nullos
275 1920 315 1984 de
343 1919 476 1984 consilio
505 1920 606 1984 omisi.
660 1919 857 2000 Quamquam
886 1919 966 1984 satis
990 1919 1056 1984 scio
1085 1919 1240 2000 quosdam
1270 1920 1368 1984 etiam

141 2025 281 2092 artifices
305 2026 347 2091 ad
370 2026 573 2091 scribendum
589 2026 753 2107 adpulisse
777 2013 926 2106 animum,
952 2030 985 2089 et
1009 2029 1084 2090 sunt
1106 2026 1161 2107 qui
1179 2026 1259 2091 illud
1274 2045 1368 2108 prae-

142 2135 288 2200 stiterint
316 2135 349 2197 in
376 2133 535 2198 indicibus
565 2132 748 2199 Laertianis
778 2132 880 2216 [velut
905 2133 1063 2197 Demetrii
1097 2133 1160 2199 duo
1189 2167 1232 2178 —-
1264 2135 1368 2216 pictor

141 2246 174 2306 et
187 2241 364 2306 statuarius
381 2277 420 2287 -
440 2241 639 2305 Xenocrates
655 2239 739 2323 alii]:
756 2257 920 2321 nunquam
935 2245 1053 2319 tamen,
1071 2241 1198 2306 etiarnsi
1214 2242 1369 2307 certiores

139 2348 218 2414 mihi
248 2368 312 2413 non
348 2350 559 2428 suppeterent
586 2347 745 2426 rationes,
781 2346 944 2412 crederem
973 2346 1202 2413 Schcuerleero
1237 2367 1368 2414 omnes

140 2460 298 2538 quotquot
311 2472 409 2536 supra
421 2452 568 2518 recensui
580 2452 781 2547 scriptitasse
791 2454 951 2532 censenti„
968 2454 1092 2519 Vanam
1103 2455 1188 2519 enim
1199 2457 1369 2538 proposuit

139 2564 222 2627 hanc
245 2563 418 2627 rationem:
443 2560 736 2626 Demonstrandum
759 2564 811 2626 est
832 2549 965 2641 praeter
993 2561 1168 2643 scriptores
1191 2568 1368 2645 poetasque

138 2669 298 2734 nominari
314 2668 482 2733 neminem.
519 2666 587 2732 lam
603 2685 679 2733 vero
696 2685 735 2732 ex
750 2686 813 2734 uno
830 2665 993 2734 hominum
1009 2687 1127 2750 genere
1140 2670 1368 2751 septemdecim

138 2780 335 2858 comparent,
361 2793 497 2857 quorum
512 2778 637 2839 tantum
653 2774 747 2840 ahest
761 2779 799 2841 nt
813 2775 963 2840 laudetur
980 2775 1140 2841 scribendi
1157 2777 1307 2857 studium,
1332 2783 1368 2842 ut

137 2883 234 2965 plane
250 2883 315 2946 alia
332 2886 429 2964 atque
445 2881 572 2947 diversa
589 2887 885 2961 commemorentur,
907 2882 996 2948 velut
1010 2882 1213 2965 Pythagorae
1229 2882 1368 2966 Rhegini

138 2990 338 3073 symmetria,
368 2989 511 3054 Thaletis
540 2989 697 3070 gravitas3
735 2990 774 3054 de
797 2989 955 3056 Arcesilai
984 2990 1146 3072 sculpture
1170 2992 1368 3073 epigramma

138 3097 365 3162 Simonideum.
426 3096 538 3160 Testes
576 3095 737 3176 prodeunt
754 3146 758 3152 .
775 3096 905 3162 Polemo
940 3096 1120 3178 Antigonus
1154 3097 1368 3178 Apollodorus

137 3202 402 3285 chronographus
440 3203 612 3284 Hipponax
652 3202 864 3286 Theophanes
903 3202 1096 3269 Menodotus
1133 3203 1244 3269 Duris:
1291 3204 1368 3286 quid

137 3316 298 3378 testentur
314 3310 452 3376 celatum
469 3315 534 3388 est3
558 3309 742 3374 litterarum
759 3309 899 3375 studium
916 3309 969 3376 viu
983 3313 1121 3390 possunt
1136 3311 1250 3376 testati
1264 3310 1368 3376 videri

136 3419 317 3500 Antigonus
342 3422 375 3482 et
397 3417 538 3496 Polemo,
562 3415 651 3481 nullo
674 3422 770 3498 pacto
793 3417 975 3498 Hipponax.
1023 3416 1240 3482 Nihilotamen
1264 3417 1368 3482 secius

136 3527 199 3590 iste
223 3525 309 3607 quod
335 3524 474 3606 probare
501 3523 591 3588 nullo
614 3528 709 3603 pacto
733 3528 843 3605 potest
870 3523 998 3589 fortiter
1026 3522 1190 3605 adfirmat,
1216 3524 1368 3590 circulum

137 3651 231 3714 quem
253 3632 351 3713 logici
374 3632 485 3696 dicunt
507 3631 658 3696 vitiosum
682 3649 701 3694 a
726 3649 760 3696 se
784 3631 958 3696 admissum
982 3649 1053 3696 esse
1076 3631 1216 3712 ignarus.

225 3739 359 3805 Accedit
381 3739 529 3806 alterum.
577 3739 638 3817 Qui
661 3739 713 3804 vel
742 3738 825 3803 sexti
853 3738 1019 3821 quintiquc
1048 3739 1168 3804 saeculi
1191 3740 1367 3805 statuarios

138 3885 176 3891 -
203 3846 292 3916 velut
314 3846 448 3910 Bionem
464 3845 688 3928 Anaxagoram
706 3845 924 3928 Pythagoram
939 3881 980 3892 —
1000 3845 1040 3910 de
1063 3851 1135 3910 arte
1159 3865 1218 3912 sua
1241 3848 1367 3929 scripti-

136 3959 223 4018 tasse
248 3957 367 4033 censet‚
392 3954 420 4018 is
440 3972 571 4034 prosam
588 3955 766 4021 orationem
781 3953 839 4018 illo
856 3949 983 4018 demum
999 3959 1144 4036 tempore
1162 3971 1181 4018 a
1196 3955 1367 4035 perpaucis

136 4066 283 4142 coeptam
307 4079 377 4125 esse
402 4060 495 4125 condi
518 4061 616 4142 plane
643 4060 852 4126 obliviscitur.

225 4167 306 4232 Aliis
340 4172 413 4231 utar
438 4168 602 4249 exemplis.
644 4155 857 4249 Epicurorum
888 4167 918 4230 X
947 4168 989 4231 26
1023 4170 1128 4250 τρίτος
1161 4163 1366 4250 ὁπλομάχος·

135 4275 347 4340 Aristotelum
381 4274 410 4338 V
440 4275 482 4338 35
517 4273 653 4358 ἕβδομος
686 4274 897 4361 παιδοτρίβης
931 4270 972 4348 ὡς
1000 4269 1222 4359 Ἀριστόξενος
1254 4272 1291 4339 ἐν
1323 4276 1368 4362 τῷ

138 4379 315 4456 Πλάτωνος
363 4385 437 4467 βίῳ·
482 4381 648 4447 Oratetum
691 4382 736 4447 IV
780 4383 821 4446 23
865 4386 970 4466 τρίτος
1014 4376 1223 4466 ταφρωρύχος
1258 4376 1366 4461 Ἀλεξ-
