3420 5408
1329 485 1370 550 79

145 660 384 742 gravissimum,
433 665 468 725 at
501 677 565 724 non
605 660 675 724 sine
714 676 820 724 causa.
888 660 1063 726 Audiamus
1105 662 1189 728 enim
1231 665 1371 744 patroci-

143 773 291 833 nantem:

236 873 314 941 ‘Sea'
336 871 427 937 enirn
455 872 495 936 de
523 871 612 936 uiris
645 871 779 957 optrrnrb
804 878 837 936 et
860 871 1081 957 gravissumas
1114 875 1150 939 si
1172 877 1371 942 credendum

143 983 203 1046 loc
225 987 289 1045 aut
311 978 552 1064 suspicandum
568 977 661 1064 fuit,
691 1001 827 1044 causam
854 979 1004 1065 equidem
1032 1003 1099 1046 esse
1126 981 1275 1048 arbitror
1303 1005 1372 1048 uon

143 1085 385 1153 obtrectationis
407 1107 465 1150 uec
487 1084 639 1150 cupediae
660 1107 764 1171 raeque
782 1087 822 1151 a'e
839 1086 956 1171 gloria
971 1086 1100 1153 macore
1115 1088 1282 1174 parienda
1305 1113 1372 1155 cer·

143 1193 302 1259 utonem
329 1195 407 1258 hoec
434 1192 525 1257 enim
548 1193 671 1276 procul
698 1215 719 1256 a
742 1192 892 1258 moribus
914 1193 1145 1279 philosophiae
1173 1197 1302 1271 absum,
1334 1197 1373 1262 in

142 1302 266 1387 quobus
288 1301 347 1366 alli
365 1302 432 1364 duo
460 1299 612 1364 orauium
636 1298 764 1363 audicio
789 1299 1028 1365 excelluerunt.
1076 1304 1171 1386 Quae
1193 1303 1306 1387 agatur
1327 1312 1376 1369 est

143 1406 316 1494 opinionis
344 1407 446 1472 astaus
473 1406 587 1472 ratae?
640 1409 732 1472 Haec
757 1406 903 1492 profecto
932 1413 999 1471 est:
1029 1409 1269 1495 ‘aequiparatio
1299 1411 1372 1496 apsa

137 1517 339 1602 plerumque
360 1521 393 1579 et
418 1513 582 1599 parilitas
603 1512 771 1578 uirtutum
800 1512 890 1578 r'rater
917 1535 951 1578 se
977 1514 1206 1581 amimalium
1240 1517 1377 1582 etiamsi

143 1620 366 1687 contentioni}
387 1620 540 1686 amelium
562 1628 594 1685 et
614 1621 770 1686 voluntas
798 1623 887 1686 abest
906 1621 1068 1708 speciem
1092 1629 1220 1689 tamen
1242 1647 1373 1690 aernu-

143 1727 320 1793 lationis
341 1734 453 1794 creat
472 1734 547 1792 etc!
594 1728 662 1806 Quo
686 1729 780 1794 Plato
805 1735 838 1794 et
855 1730 1034 1812 Xenophon
1055 1732 1150 1796 simul
1174 1733 1373 1799 tendebant?

143 1837 209 1902 Ubi
232 1837 400 1918 utriusque
423 1836 561 1901 virtutes
585 1838 671 1901 inter
687 1855 722 1901 se
746 1837 928 1902 consimiles
952 1838 992 1902 de
1009 1839 1159 1919 opinione
1184 1839 1282 1905 Gellii
1306 1842 1373 1906 eni-

144 1943 281 2008 tebant?
321 1943 448 2025 Scripta
470 1943 620 2009 videlicet
643 1945 812 2026 utriusque
835 1945 943 2026 tangit
959 1945 1083 2011 Gellius
1108 1965 1156 2026 ea,
1181 1965 1264 2029 quae
1287 1948 1372 2014 idern

145 2051 346 2132 spectabant,
371 2052 534 2134 symposia
558 2050 700 2116 Socratis
724 2051 907 2133 apologiam
932 2058 965 2117 et
989 2055 1243 2119 commentarios
1278 2053 1373 2120 Galli·

146 2157 283 2221 ditatem
306 2160 370 2222 iam
393 2159 551 2239 perspicis
575 2159 762 2240 patrocinii:
792 2159 924 2223 crimine
949 2160 1126 2224 adversarii
1150 2161 1192 2225 ad
1215 2161 1373 2228 detensio-

144 2283 221 2329 nem
245 2265 348 2331 bonus
372 2266 517 2331 abutitur
541 2265 679 2345 Gellius
710 2284 781 2330 cnm
804 2266 1003 2348 biographus
1027 2267 1096 2331 eins
1121 2267 1219 2332 ‘velut
1244 2274 1373 2335 conten-

146 2373 245 2436 tionis
274 2373 381 2438 studio
410 2374 523 2438 ductos
553 2374 671 2437 similia
700 2378 855 2454 coarguat
890 2374 1058 2456 scripsisse
1094 2377 1282 2442 ‘convivium
1317 2377 1373 2443 So·

146 2480 246 2543 cratis
282 2480 463 2562 apologiam
499 2481 767 2546 commentarios’.
826 2481 870 2545 At
904 2483 1034 2563 quinam
1070 2486 1142 2546 erat
1174 2483 1373 2565 biographus

145 2586 271 2650 Laertii
288 2586 448 2668 Gelliique
473 2588 743 2669 ‘exquisitissima’
762 2588 897 2653 eximius
914 2590 1083 2654 doctrina?
1107 2589 1228 2673 Nempe
1246 2595 1374 2657 ‘memo-

146 2695 269 2758 riarum
297 2701 441 2760 veterum
471 2696 786 2776 exsequentissimus'
818 2696 1005 2762 Favorinus.
1064 2698 1198 2763 Accedit
1227 2700 1312 2780 quod
1340 2700 1374 2764 in

146 2801 204 2865 illo
232 2802 272 2865 de
301 2801 446 2866 Platonis
482 2801 702 2867 simultatibus
736 2803 807 2868 loco
836 2804 1010 2869 Laertiano
1040 2823 1078 2869 ex
1106 2823 1170 2870 una
1199 2807 1374 2889 eademque

146 2907 292 2990 prolecto
327 2908 449 2974 fabrica
485 2908 690 2975 manifestum
725 2915 775 2976 est
809 2911 960 2976 Favorini
994 2912 1181 2994 vestigium,
1217 2913 1374 2994 siqnidem

147 3021 237 3080 recte
272 3015 381 3097 paullo
420 3021 518 3081 antea
552 3036 583 3098 p.
610 3019 651 3080 72
688 3017 830 3082 Socratis
865 3019 905 3083 de
941 3019 1058 3100 Lyside
1093 3019 1238 3086 Platonis
1276 3021 1375 3085 male-

149 3123 270 3188 dictum
294 3124 413 3189 ibidem
437 3125 595 3190 insertum
619 3124 778 3190 Favorino
801 3126 1042 3191 vindicavimus,
1078 3125 1122 3190 nt
1143 3126 1223 3192 haec
1246 3128 1375 3209 quidem

148 3230 190 3296 dc
214 3230 329 3297 Gellio.

237 3338 326 3419 Alia,
361 3344 398 3426 ut
430 3340 470 3404 de
498 3338 633 3404 Platone
669 3339 847 3419 absolvam,
880 3341 983 3422 magis
1013 3359 1098 3406 nunc
1127 3342 1249 3408 conicio
1279 3361 1375 3424 quarn

148 3444 251 3526 probo
276 3447 410 3528 originis
434 3447 577 3511 eiusdem
602 3465 683 3528 esse,
708 3447 797 3512 velut
812 3448 970 3528 Aristippi
994 3449 1066 3534 περὶ
1090 3449 1235 3525 notatae
1257 3453 1376 3536 τρυφῆς

148 3551 197 3616 ΠΙ
221 3554 263 3616 29
288 3553 469 3634 Myroniani
493 3553 529 3616 ἐν
552 3549 673 3636 ὁμοίως
696 3555 715 3636 ξ
738 3556 781 3618 40
805 3555 965 3619 Timothei
988 3554 1007 3642 ᾗ
1029 3557 1047 3620 5
1071 3556 1146 3640 περὶ
1171 3560 1251 3639 βίων
1273 3557 1376 3621 Hera-

151 3659 243 3723 clidis
285 3659 330 3742 [in
373 3661 479 3742 Satyri
520 3666 553 3726 et
592 3661 733 3727 Sotionis
773 3662 928 3746 epitoma]
968 3664 986 3744 §
1023 3665 1063 3728 16
1103 3665 1295 3731 comicorum
1335 3665 1375 3729 de

149 3766 286 3836 Platone
309 3769 508 3834 testimonia:
533 3769 568 3833 id
590 3769 677 3849 quod
699 3787 757 3834 suo
781 3774 928 3850 tempore
953 3769 993 3833 de
1017 3771 1152 3852 singulis
1176 3772 1376 3836 demonstra-

149 3871 247 3937 bitur.

240 3980 378 4045 Italam
402 3984 622 4064 quaestionem
647 3983 846 4048 conformare
869 3983 986 4064 placet,
1016 4003 1099 4066 quae
1126 4004 1166 4051 cx
1188 3985 1256 4050 vita
1278 3984 1376 4049 Laer-

150 4088 241 4171 tiana
263 4088 408 4154 Platonis
432 4090 645 4156 abindioanda
668 4091 838 4156 videantur
861 4091 1050 4172 omnigenae
1073 4093 1239 4158 historiae,

239 4194 311 4261 Huc
326 4196 492 4277 pertinent
506 4197 660 4263 nonnulla
675 4204 1050 4279 apomnemoneumatum
1062 4201 1191 4265 nomine
1206 4200 1374 4282 insignita:

152 4319 193 4364 ex
213 4301 298 4367 libro
320 4303 337 4368 I
359 4304 494 4370 Pollidis
516 4305 667 4370 interitus
692 4302 724 4391 [5
741 4300 808 4389 20]‚
834 4309 943 4368 statua
966 4305 1112 4371 Platonis
1136 4326 1155 4370 a
1178 4305 1375 4370 Mithradate

151 4411 260 4490 posita
283 4409 316 4494 [ᾖ
332 4410 402 4494 25];
428 4430 467 4476 ex
486 4412 569 4477 libro
585 4412 618 4477 II
640 4413 754 4477 mortis
771 4427 874 4474 annus
898 4407 930 4496 [ᾗ
947 4409 1017 4498 40];
1043 4431 1083 4477 ex
1104 4413 1231 4478 libroV
1254 4412 1375 4496 Alcyon
