3432 5400
311 531 375 598 164

397 707 521 774 Vereor
554 724 595 772 ne
636 705 786 789 garrulus
820 703 909 772 fiam:
951 711 1043 773 tanto
1078 727 1176 790 opere
1214 708 1304 774 iuvat
1339 713 1444 774 tecum
1479 729 1539 793 per

309 813 510 898 epistolicam
544 811 729 880 libertatem
765 813 924 897 conloqui.
981 833 1041 880 nec
1071 819 1180 880 tamen
1214 815 1293 881 mihi
1327 821 1454 899 tempus
1489 823 1541 884 est

309 921 470 990 scribendi
485 921 688 1005 neclegendi
704 921 773 987 tibi.
810 940 861 988 rne
886 919 1024 988 officium
1048 923 1081 988 in
1105 927 1210 988 artum
1227 923 1395 991 cottidiani
1418 924 1539 991 laboris

309 1049 423 1114 gyrum
446 1034 591 1098 revocet:
615 1028 677 1094 tibi
699 1029 778 1096 loeti
801 1029 929 1096 moenia
952 1030 1063 1096 mundi
1085 1036 1201 1113 aperte
1224 1035 1309 1098 sunt.

397 1139 553 1205 Faustum
582 1138 647 1204 ite'r
676 1137 737 1204 tibi
764 1138 930 1221 adprecor.
982 1138 1092 1222 proice
1115 1140 1290 1222 parumper
1316 1139 1477 1222 Diogenes
1506 1144 1540 1205 et

308 1247 499 1316 Favorinos:
540 1247 574 1313 in
608 1245 764 1314 lucidiore
799 1251 952 1313 aeternae
985 1246 1075 1312 urbis
1110 1265 1186 1313 aere
1220 1246 1376 1313 excitabis
1409 1246 1539 1312 umbras

309 1355 410 1422 multo
433 1354 609 1422 nobiliores
632 1372 728 1437 quam
751 1353 785 1419 hi
809 1358 885 1419 sunt
899 1354 1155 1437 vespertiliones.
1196 1353 1237 1420 ad
1252 1339 1312 1420 nos
1330 1354 1384 1438 qui
1400 1355 1434 1419 irr
1449 1359 1540 1420 tene·

308 1463 377 1530 bris
399 1479 566 1530 versamur
588 1465 765 1529 nocturnae
789 1479 864 1526 ones
891 1461 995 1544 magis
1018 1461 1156 1527 fortasse
1179 1461 1316 1541 faciunt3
1346 1480 1539 1545 quamquam

309 1570 408 1636 etiarn
439 1587 498 1636 nos
527 1569 568 1635 ad
595 1567 733 1634 laetiora
763 1568 905 1634 redimus
934 1562 957 1649 ᾆ
991 1565 1028 1633 τὸ
1061 1567 1215 1644 κάταντες
1246 1568 1341 1633 τοῦτο
1368 1569 1540 1655 γεωλόφον

309 1683 347 1742 ατ
379 1701 413 1742 τε
445 1687 587 1760 μυρῖκαι.
651 1674 788 1759 denique
825 1677 898 1742 vale
934 1681 968 1740 et
1007 1676 1091 1742 sicui
1130 1695 1191 1758 ego
1232 1677 1281 1743 tui
1314 1695 1436 1742 memor
1471 1695 1539 1749 ero,

309 1789 449 1864 sortasse
472 1803 537 1850 non
559 1784 630 1850 sine
653 1783 829 1865 desiderio,
859 1784 906 1850 ita
929 1788 965 1849 tu
991 1784 1058 1850 noli
1082 1783 1210 1867 quidem
1234 1784 1419 1850 desiderare
1447 1784 1541 1867 quid-

310 1909 405 1975 quam
429 1909 537 1959 ooram
558 1891 635 1957 Iove
659 1889 842 1973 Capitolino
859 1891 1068 1974 Minervaque
1083 1891 1227 1972 Poliade,
1251 1896 1287 1956 ui
1309 1891 1376 1958 noli
1393 1891 1541 1958 oblivisci

309 2003 419 2066 tamen
442 1998 555 2065 nostri.

399 2105 524 2170 Dabam
546 2105 594 2171 Id.
617 2105 678 2172 Iul.
