3432 5400
318 414 381 478 118

315 591 490 658 Eudociam
514 589 556 654 ad
586 587 709 654 scholia
738 605 773 652 se
798 605 1024 652 conversorem
1048 585 1171 650 luisse?
1218 585 1252 650 Si
1281 591 1390 650 autem
1415 585 1549 651 Suidam

315 696 555 778 exscripsisse,
585 713 625 760 er
649 693 748 760 Suida
770 694 946 760 EudoeIam
975 692 1055 758 illud
1079 712 1205 775 quoque
1233 692 1333 758 fuisse
1357 691 1550 757 haustnram

314 803 496 886 exploravit
529 803 612 868 mire
646 801 771 866 Flechii
804 800 978 882 sagacitas:
1015 800 1128 864 deerat
1163 800 1264 880 igitur
1304 800 1338 864 in
1373 799 1547 881 Hesychio.

313 911 460 994 Denique
491 909 542 976 vel
576 910 684 975 verbis
717 907 928 992 ἐξαργυρίσας
962 904 1019 989 τὴν
1054 906 1169 973 οὐσίαν
1199 907 1316 973 Suidae
1352 911 1387 971 et
1414 907 1549 972 Laertio

317 1017 537 1084 communibus
551 1015 684 1082 Flachio
708 1014 831 1080 arbitro
855 1013 1083 1095 comprobatur
1130 1014 1261 1080 Suidem
1284 1015 1484 1096 prompsisse
1509 1033 1549 1078 en

318 1124 459 1190 Laertio,

404 1231 442 1296 In
472 1228 532 1294 hac
561 1245 705 1293 errorum
735 1227 828 1309 quasi
856 1227 974 1308 palude
1004 1233 1042 1292 nt
1076 1227 1216 1292 lubricos
1245 1227 1401 1309 quosdam
1436 1229 1549 1292 statim

314 1337 519 1418 designemus
547 1333 635 1400 locos
659 1335 769 1416 itaque
792 1339 1009 1416 comparatos
1042 1339 1079 1400 nt
1107 1334 1182 1398 inde
1209 1335 1251 1398 ad
1274 1353 1408 1415 prorsus
1431 1333 1549 1399 Ialsum

316 1443 494 1524 disputatio
518 1445 590 1506 tota
613 1441 741 1506 eveniat
763 1438 873 1506 finem:
898 1441 1075 1506 Eudociam
1099 1460 1190 1508 usam
1214 1459 1286 1506 esse
1301 1441 1464 1522 Hes'yehio
1488 1460 1549 1506 nec

314 1551 573 1616 demonstratum
596 1552 647 1613 est
670 1567 690 1612 a
712 1547 843 1612 Flechio
867 1565 972 1628 neque
995 1552 1105 1628 potest
1127 1547 1352 1612 demonstrari.

404 1655 512 1722 Etiam
542 1655 669 1720 edoceri
698 1653 828 1734 vellem,
864 1653 949 1718 unde
978 1653 1128 1720 Fleohius
1160 1655 1241 1720 sciet
1271 1653 1484 1719 Endociem
1516 1654 1549 1718 si

315 1763 426 1828 illam
453 1761 707 1828 historiolam
734 1761 909 1842 legisset
937 1762 975 1826 in
1004 1761 1128 1826 Suida
1156 1781 1200 1827 ex
1237 1781 1281 1827 eo
1315 1761 1548 1828 hausturam
1576 1824 1579 1828 .

314 1870 441 1942 fuisse
465 1876 506 1935 et
528 1888 603 1934 non
627 1888 672 1934 en
695 1867 861 1934 scholiis
889 1869 927 1933 in
952 1867 1210 1950 Gregorium?
1256 1869 1367 1935 Donec
1391 1869 1548 1934 eiusmodi

312 1977 543 2062 compilatores
566 1979 662 2041 erunt
684 1975 718 2040 in
741 1975 853 2055 terris,
884 1993 995 2041 eorum
1017 1975 1184 2040 libidinem
1208 1975 1249 2040 ad
1272 1974 1353 2042 fixas
1378 1981 1548 2058 certasque

316 2086 404 2167 leges
428 2103 521 2150 nemo
546 2102 586 2148 ne
608 2081 761 2147 Flechius
785 2083 915 2163 quidem
938 2083 1067 2164 exigere
1090 2083 1221 2164 poterit.

406 2191 485 2256 Tum
509 2191 596 2273 quod
610 2189 735 2254 Laertii
758 2194 791 2254 et
813 2189 931 2254 Suidee
954 2190 988 2254 iu
1011 2189 1109 2255 verbo
1133 2185 1348 2276 ἐξαργυρίσας
1373 2194 1547 2255 consensus

315 2299 509 2381 pendentem
532 2298 572 2362 ab
596 2297 727 2362 Laertio
752 2295 884 2362 Suidam
907 2296 1038 2362 Flachio
1062 2302 1242 2363 monstrare
1271 2297 1415 2376 videtur,
1444 2315 1546 2378 paene

317 2404 515 2471 incredibile.
563 2403 684 2468 hudiee
707 2404 787 2468 mihi
809 2404 921 2470 videor
949 2403 1111 2470 hominem
1135 2405 1168 2469 in
1193 2404 1404 2470 examinando
1429 2404 1547 2486 compi-

316 2512 456 2577 latorum
479 2529 577 2592 grege
601 2511 829 2576 ne-tantillum
854 2512 983 2593 quidem
999 2513 1177 2577 versatum!
1218 2512 1366 2592 Denique
1390 2512 1547 2592 composi-

316 2619 438 2684 tionem
462 2617 590 2682 articuli
613 2617 746 2684 Snidani
770 2637 809 2684 ex
831 2637 892 2684 usu
914 2618 1143 2684 vocabulorum
1167 2615 1202 2696 ὃς
1226 2623 1259 2682 et
1283 2611 1376 2690 οὗτος
1400 2618 1496 2682 rimat
1537 2667 1544 2681 .

317 2726 454 2792 Evolvat
473 2726 653 2791 Laertinm:
678 2726 803 2792 videbit
824 2726 916 2791 illum
939 2727 1155 2792 conectendae
1179 2725 1335 2791 orationis
1358 2744 1481 2790 morem
1503 2761 1546 2770 -

318 2851 377 2915 per
406 2852 441 2899 se
473 2838 723 2900 consentaneum
751 2870 796 2880 -
823 2834 954 2900 Laertio
987 2853 1059 2900 esse
1087 2829 1407 2917 usitatissImum¹²²).
1459 2832 1547 2898 Haec

391 3097 442 3168 1²²)
460 3099 523 3153 Non
542 3098 656 3153 meliore
675 3105 739 3152 sunt
757 3105 851 3154 cetere
864 3099 979 3167 Flechii‚
999 3100 1022 3155 si
1041 3100 1083 3155 dis
1094 3099 1195 3168 placet,
1214 3104 1380 3166 argumenta
1400 3116 1426 3166 p.
1445 3101 1479 3155 55
1499 3100 1546 3153 ‘Es

320 3189 434 3258 beginnt
457 3189 502 3243 hei
525 3187 651 3243 Eudocia
676 3204 697 3242 s.
717 3205 742 3242 v.
763 3189 976 3260 Ἀναξίμανδρος
1002 3188 1073 3244 nach
1097 3189 1190 3244 Θάλεω
1214 3189 1275 3242 eide
1299 3189 1476 3256 compilation
1497 3205 1547 3244 eus

320 3280 411 3333 Laert
431 3277 459 3330 II
480 3280 502 3332 l.
540 3276 635 3332 Nach
653 3277 848 3332 demselben
866 3286 934 3333 nort
951 3279 1067 3346 Θάλητος
1085 3278 1199 3346 heginnt
1218 3278 1286 3332 anch
1306 3278 1351 3332 bei
1370 3278 1468 3333 Suidas
1487 3279 1546 3333 eine

320 3366 497 3435 compilation
507 3367 651 3421 derselben
661 3365 747 3430 stelle,
758 3382 810 3419 nnr
819 3366 880 3420 eine
891 3367 1016 3421 kurzere.
1036 3368 1121 3422 Beide
1132 3367 1342 3444 unterseheiden
1353 3366 1410 3421 sich
1420 3369 1457 3421 im
1467 3378 1546 3424 wort-

320 3457 380 3511 lant
398 3471 459 3510 vom
471 3456 601 3524 heutigen
615 3456 760 3525 Diogenes,
780 3454 958 3509 stellenweise
976 3456 1141 3524 pedentend
1160 3456 1295 3510 beneisen
1314 3457 1381 3510 aber
1400 3457 1470 3526 klar,
1490 3459 1547 3513 dale

321 3546 366 3601 bei
385 3545 500 3612 Θάλριος
511 3544 621 3614 Hesych
640 3560 675 3597 zu
694 3545 763 3598 ende
782 3544 818 3598 ist
839 3543 878 3614 [!]‚
898 3544 952 3598 und
970 3544 1028 3598 dass
1044 3544 1170 3599 Eudocie
1188 3545 1264 3598 nicht
1282 3545 1335 3599 den
1350 3546 1547 3602 Snidesartikel

322 3635 442 3704 gehennt
464 3634 555 3688 heheu
578 3633 652 3687 kann
672 3633 709 3704 [ll.
746 3634 789 3687 Da
813 3649 869 3686 nun
892 3635 964 3688 euch
988 3634 1095 3703 Hesych
1125 3651 1174 3688 aus
1202 3634 1346 3689 denselhen
1374 3635 1472 3704 quelle,
1499 3653 1547 3691 aus

322 3724 458 3794 Diogenes
478 3725 521 3792 [!]‚
540 3722 683 3791 gesehdpft
701 3723 758 3790 hat,
776 3723 834 3776 und
854 3723 951 3777 Suidas
969 3723 1019 3778 πίε
1038 3723 1163 3778 Eudocia
1181 3723 1440 3778 dhereinstimmend
1459 3741 1547 3794 sagon,

323 3811 451 3884 συγγενὴς
474 3814 520 3864 καὶ
544 3810 664 3882 μαθητὴς
686 3813 732 3863 καὶ
755 3810 883 3883 διάδοχος
902 3811 1028 3880 Θάλητος,
1052 3813 1153 3867 welche
1179 3819 1263 3867 worte
1288 3811 1316 3865 in
1341 3828 1451 3867 unserm
1470 3815 1547 3883 Diog.

323 3901 424 3968 fehlen,
443 3917 474 3954 so
493 3899 531 3954 ist
549 3899 751 3968 einleuchtend‚
769 3901 828 3955 dass
848 3917 945 3956 unsere
965 3901 1169 3972 dherlieferung
1187 3902 1235 3956 des
1247 3902 1328 3970 Diog.
1347 3901 1548 3971 unvollstendig

324 3989 377 4045 ist’
408 3988 505 4044 Omnia
523 3989 591 4044 haec
610 3989 714 4044 frustra
732 3989 907 4058 excogitavit,
926 3992 1054 4059 quoniam
1075 3991 1174 4046 Suidae
1193 3997 1221 4045 et
1240 3990 1380 4045 Eudociae
1404 3993 1548 4046 concordia

325 4078 407 4134 etiem
430 4095 468 4133 ex
490 4078 645 4147 pleniore
669 4078 796 4133 Snidae
825 4079 942 4136 codIce
971 4081 1132 4150 explicatur.
1175 4080 1228 4133 Ilio
1255 4079 1341 4148 igitur
1364 4080 1499 4136 articulus
1521 4081 1547 4135 in

325 4174 449 4224 neutram
467 4173 573 4236 partem
592 4167 771 4224 adhibendus.
794 4199 825 4208 —
846 4169 924 4236 Quod
943 4169 1043 4225 attinet
1061 4170 1095 4224 ad
1109 4170 1282 4238 Pythagorae
1295 4169 1379 4223 vitam
1394 4169 1547 4238 Suidanem,

326 4257 423 4310 Rohde
450 4263 530 4312 caute
558 4257 591 4312 de
615 4258 764 4312 Laertiana
786 4259 890 4326 origine
918 4276 947 4314 se
975 4259 1100 4314 dubitare
1129 4259 1199 4312 dixit
1228 4259 1310 4326 [mus.
1332 4259 1409 4313 rhen.
1429 4259 1548 4313 XXXIII

322 4360 353 4414 p.
367 4347 418 4400 205
438 4348 487 4414 u.]‚
505 4345 615 4400 fortiter
635 4363 693 4400 eam
712 4347 838 4402 adfirmat
850 4347 992 4417 I¹lachius3
1013 4365 1067 4416 qua
1085 4348 1118 4401 de
1133 4365 1161 4402 re
1182 4347 1216 4400 cf.
1235 4346 1315 4400 infra.
