3420 5408
1375 518 1413 582 19

192 695 336 761 Eundem
352 695 497 761 Dioclem
513 695 611 760 etiam
634 696 667 760 in
684 696 771 760 exitu
791 696 902 777 tetigit
925 695 1126 780 [anthologia
1147 715 1264 779 graeca
1288 696 1336 762 ed.
1361 696 1416 761 Ja-

193 803 269 869 cobs
291 803 308 868 1
330 822 362 884 p.
380 805 423 867 40
441 831 484 857 =
501 801 563 866 XII
587 803 662 884 257,
687 802 738 886 4]:

237 909 323 995 (papi
333 909 413 994 [scil.
426 906 508 995 ἢδεῆ
519 910 663 994 κορωνλς]
673 911 731 975 τὸν
740 911 775 974 ἐκ
786 908 919 976 πάντων
930 906 1151 997 ἠθροισμένον
1160 915 1205 988 εἰς
1217 915 1276 977 ἕνα
1283 909 1418 995 μόχθον

281 1010 471 1099 ύμνοθετᾶν
493 1016 595 1102 βίβλῳ
619 1016 690 1098 τᾷδ’
717 1015 948 1100 ἔνελιξοέμτνον

236 1122 397 1186 ἐκτελέσαι
420 1123 630 1206 Μελέαγρον,
654 1119 896 1204 ἀελμναστον
917 1124 958 1188 δὲ
981 1123 1144 1192 Διοκλεῖ

282 1227 399 1295 ἄνθεσι
423 1229 604 1313 συμπλέξαι
626 1227 835 1313 μουσόπολον
858 1235 1031 1316 στέφανον.

281 1339 375 1403 Hunc
391 1338 535 1404 Dioclem
559 1338 610 1402 cui
626 1337 789 1420 Meleager
812 1338 930 1404 librum
953 1357 1045 1404 suum
1069 1339 1229 1404 dedicavit
1253 1359 1272 1403 a
1296 1357 1420 1406 succes·

193 1446 318 1510 sionum
352 1444 510 1527 scriptore
541 1445 715 1510 Laertiano
747 1464 812 1510 non
842 1446 1003 1511 diversum
1032 1465 1107 1512 esse
1135 1447 1229 1512 docet
1257 1447 1325 1512 vita
1352 1445 1420 1510 Me-

194 1552 294 1634 nippi‚
319 1553 435 1617 docent
451 1550 572 1616 Dioclis
589 1552 756 1618 Laertiaui
771 1557 898 1634 tempus
915 1560 1013 1634 supra
1029 1552 1196 1619 definitum
1214 1559 1247 1618 et
1263 1553 1421 1634 Meleagri

194 1678 265 1723 cum
280 1659 478 1740 prooemium
495 1660 719 1742 epilogumque
744 1660 901 1726 scriberet
924 1665 1073 1725 senectus
1083 1658 1132 1744 ¹⁴).
1173 1660 1248 1726 Sine
1272 1661 1340 1725 ulla
1363 1661 1420 1724 du-

193 1765 351 1832 bitatione
379 1766 508 1832 Diocles
533 1785 558 1832 c.
579 1768 641 1831 100
657 1803 702 1812 -
720 1783 745 1832 ο.
771 1769 813 1831 40
838 1785 865 1832 a.
892 1766 966 1834 Ghr.
990 1787 1020 1832 n.
1052 1767 1149 1848 vixit,
1175 1787 1246 1833 cum
1270 1767 1420 1850 ‘philoso-

194 1871 331 1954 phorum
348 1873 597 1955 percursionem'
609 1871 649 1959 ¹⁶)
674 1873 794 1954 ederet,
820 1879 928 1940 aetate
942 1875 1133 1957 provectior,
1157 1875 1314 1958 siquidem
1330 1875 1420 1941 Posi-

195 1980 283 2044 donii
307 1980 428 2062 scripta
450 1980 541 2046 novit
564 1981 743 2046 dialectica.

284 2087 439 2165 Quoniam
464 2088 566 2153 amori
588 2106 762 2169 puerorum
785 2088 949 2170 Meleager
973 2095 1044 2154 erat
1067 2089 1210 2168 deditae,
1233 2087 1379 2154 Dioclem
1404 2106 1421 2153 e

194 2195 303 2276 pueris
319 2195 372 2260 viu
388 2212 561 2276 egressum,
587 2195 705 2277 quippe
722 2195 772 2259 cui
789 2194 907 2259 libmm
929 2195 1086 2259 παιδικὸν
1104 2193 1208 2280 ἔρωτα
1230 2213 1422 2276 unaquaque

194 2302 323 2383 pagella
340 2303 516 2383 spirantem
533 2321 658 2367 sacrum
674 2302 772 2368 uellet
788 2319 869 2383 esse,
888 2303 918 2367 ei
933 2302 967 2367 in
984 2303 1107 2368 deliciis
1123 2301 1222 2368 fuisse
1235 2305 1350 2385 sponte
1365 2321 1423 2367 na-

195 2409 295 2473 scitur
311 2409 460 2490 suspicio.
497 2409 696 2491 Quamquam
708 2409 809 2490 probo
822 2409 908 2490 quod
919 2414 1155 2492 perspexerunt
1171 2409 1226 2473 alii
1239 2427 1309 2474 cum
1321 2427 1422 2490 puero

195 2514 307 2580 Diocle
330 2515 475 2580 Dioclem
500 2514 723 2596 Megarensem
751 2515 855 2580 amori
882 2533 1055 2596 puerorum
1081 2515 1264 2596 praesidem
1291 2515 1423 2596 egregio

196 2621 325 2688 artificii
345 2623 418 2688 lusu
439 2621 598 2687 confundi.
641 2622 745 2699 Quid?
769 2621 855 2704 quod
874 2622 960 2687 inter
983 2622 1130 2687 initiatos
1153 2622 1310 2686 amasium
1331 2640 1424 2687 suum

195 2735 344 2796 numerat
363 2729 536 2811 Meleager,
560 2734 597 2794 ut
620 2747 679 2811 par
703 2734 763 2810 est,
788 2730 821 2794 in
844 2730 1001 2813 prooemii
1025 2730 1066 2795 ad
1090 2749 1162 2795 eum
1186 2729 1299 2812 scripti
1321 2727 1399 2794 fine:

308 2832 409 2901 ‘cilia
434 2836 540 2922 φίλοις
562 2839 622 2921 μὲν
645 2838 769 2920 ἐμοῖσιν
792 2841 878 2921 φέρω
902 2835 1006 2923 χάριν,
1031 2836 1099 2902 ἐστὶ
1122 2837 1158 2902 de
1179 2834 1313 2919 μύσταις

352 2939 456 3017 κοινὸς
479 2940 498 3007 d
520 2943 586 3008 τῶν
607 2943 735 3026 μουσῶν
757 2940 895 3031 ἡδυεπὴς
918 2943 1103 3027 στέφανοί.

284 3050 328 3114 Et
351 3049 507 3131 Meleagri
531 3050 727 3114 consuetudo
743 3049 887 3117 Dioclem
911 3049 1184 3115 adolescentulum
1208 3050 1241 3114 in
1259 3047 1302 3114 Co
1319 3049 1425 3114 insula

196 3157 407 3223 -fortasse
436 3157 615 3223 studiorum
645 3175 742 3222 causa
764 3193 809 3204 -
836 3161 999 3222 versatum
1028 3174 1100 3220 esse
1128 3155 1342 3222 demonstrat:
1378 3156 1425 3220 ibi

197 3265 282 3329 enim
304 3264 469 3346 Meleager
492 3281 590 3330 senex
613 3265 792 3346 pangendis
816 3262 962 3330 versibus
986 3259 1225 3344 conquievitffl).

271 3422 309 3493 ¹4)
327 3423 412 3478 Auth.
431 3437 471 3491 gr.
490 3421 504 3474 1
522 3439 549 3493 p.
568 3425 602 3478 39
616 3445 650 3468 =
663 3422 717 3477 VII
736 3424 797 3491 417,
817 3425 848 3478 4:

357 3516 495 3579 ποολοέτης
514 3514 540 3566 d
559 3512 674 3584 λχύραξα
691 3507 751 3565 τύδ’
770 3514 798 3564 ἐν
817 3511 930 3564 δέλτοισι
949 3510 1001 3582 πρὸ
1019 3509 1123 3584 τύμβον
1210 3529 1212 3533 ·

409 3597 499 3669 γήρως
516 3598 571 3669 γὰρ
589 3603 685 3670 γείτων
704 3594 845 3667 κάγγύθεν
863 3591 967 3650 'Aldus‘

358 3680 424 3737 olid
442 3702 478 3754 με
496 3681 543 3736 τὸν
561 3681 655 3736 aalma
673 3681 719 3734 nal
736 3677 886 3751 πρεσβύταν
904 3678 936 3734 σύ
954 3681 1109 3751 προσειπών

408 3771 516 3837 χαίρειν
534 3770 573 3826 εἰς
590 3767 674 3838 γῆρας
692 3762 790 3825 καύτὸς
807 3766 876 3818 ἵκοιο
895 3763 982 3819 lnior.

270 3854 307 3924 ¹⁵)
325 3854 385 3923 Quo
404 3855 432 3908 iu
450 3854 522 3909 libro
541 3869 604 3910 cum
622 3853 746 3924 Menippi
765 3851 864 3908 Satiris
883 3852 1016 3922 Meleagri
1041 3853 1210 3923 comparavit
1228 3858 1355 3922 poemata
1375 3850 1421 3920 [cf.

199 3941 340 3994 Laertium
359 3939 378 3992 1.
398 3939 445 4008 ο.],
464 3940 556 3994 nescio
575 3956 609 3994 an
628 3940 715 4010 ipsius
727 3938 862 4008 Meleagri
874 3939 1023 4008 respiciens
1035 3947 1139 3992 certum
1152 3938 1289 4007 quoddam
1307 3952 1426 4006 carmen,

199 4026 274 4078 anth.
293 4042 333 4095 gr.
351 4023 365 4077 Ι
382 4041 407 4092 p.
429 4027 464 4080 38
477 4049 511 4070 =
524 4024 577 4080 Vll
596 4027 658 4092 419,
677 4027 706 4080 5:

357 4106 502 4178 Εὐκράτεω
521 4111 549 4163 δ’
569 4113 695 4179 ἔβλαστον
713 4105 728 4164 ὃ
746 4109 797 4163 σύν
815 4108 939 4170 Μούσαις
957 4111 1112 4179 Μελέαγρος

412 4195 504 4266 πρῶτα
523 4199 701 4254 Μενιιιπείαις
719 4191 902 4264 σοντροχάσας
918 4192 1037 4263 χάρισιν.

271 4279 306 4348 ¹⁶)
324 4278 409 4333 Anah.
429 4295 468 4348 gr.
488 4279 544 4347 Ip.
563 4281 598 4336 38
612 4277 712 4332 =V11
730 4281 792 4346 419,
811 4280 840 4334 5:

358 4360 391 4415 ‘dv
411 4363 604 4434 [Meleagrum]
623 4364 735 4424 θεόπαις
753 4363 872 4434 ἧνιλρωσε
893 4362 979 4432 Τύρος
999 4361 1128 4430 Γαδάρων
1147 4358 1176 4410 θ’
1196 4357 1253 4429 ἱερὰ
1268 4355 1357 4429 χθών,

415 4451 476 4509 Κῶς
495 4447 522 4501 d’
541 4449 618 4517 ἐρατὴ
637 4445 773 4518 Μερόπων
791 4451 907 4517 πρέσβυν
925 4442 1098 4516 ἐγηροτρόφει

1217 4533 1250 4585 2*
