3432 5400
337 482 400 546 162

336 658 491 739 Diogenis
513 662 609 722 textu
639 662 833 740 conquestus
856 675 941 739 sum,
977 657 1070 723 facile
1098 657 1237 737 metiris)
1266 658 1444 740 Diogenem
1475 657 1567 742 quod

329 762 486 848 prr‘rnmn
509 762 548 828 αα
572 784 694 830 monus
713 761 1046 830 amederatvolunan
1065 785 1134 828 αοα
1156 763 1363 849 recogm'tam
1384 761 1564 828 tradedisse

334 869 499 944 librariis,
524 868 589 956 qui
606 868 730 943 ουυαία
756 868 890 954 101αὲνο
912 875 1080 956 corrupta,
1101 869 1259 955 genuam
1273 868 1405 956 sparta,
1434 875 1563 934 textum

333 975 458 1052 schelza
480 975 727 1062 descrzpreruat
746 995 852 1062 acqua
862 975 951 1061 fide,
977 995 1109 1058 prorsus
1133 977 1339 1058 incredibile,
1370 977 1430 1044 hoc
1454 978 1563 1060 singu·

335 1085 404 1162 lare
432 1084 565 1166 Epicuri
593 1084 734 1152 studium
764 1102 827 1148 non
856 1083 920 1164 ipsi
946 1083 1085 1165 Diogeni
1112 1082 1255 1149 infuisse.
1306 1102 1345 1150 ac
1372 1088 1409 1149 tu
1436 1103 1563 1167 qnoque

334 1191 508 1273 gaudebis,
548 1207 622 1256 uam
656 1191 850 1273 Epicureum
889 1191 1021 1257 uoluisti
1059 1191 1238 1274 Diogenem
1278 1190 1392 1272 uisse,
1433 1211 1497 1274 qua
1530 1193 1563 1256 in

336 1298 498 1374 sententia
525 1297 731 1364 vehementer
761 1297 821 1364 tihi
855 1298 1045 1380 adstipulor.
1100 1299 1211 1381 itaque
1241 1299 1372 1364 tandem
1401 1299 1563 1380 Diogenes

329 1425 400 1472 non
422 1410 548 1472 tantum
573 1406 676 1472 instar
699 1405 774 1471 libri
797 1411 863 1486 est,
888 1407 939 1472 cui
961 1405 1064 1472 multa
1086 1405 1171 1472 hona
1193 1407 1296 1473 multa
1318 1407 1430 1488 inepta
1452 1407 1562 1486 insint,

335 1514 467 1588 tandem
490 1531 553 1580 non
582 1513 685 1578 solam
709 1518 766 1580 aut
789 1514 967 1580 sollertiam
995 1518 1053 1578 aut
1081 1514 1238 1579 incuriam
1261 1514 1445 1596 conpilandi
1467 1515 1501 1579 in
1525 1533 1563 1579 eo

336 1622 635 1701 animadvertimus,
672 1621 729 1686 scd
761 1620 856 1687 homo
886 1625 950 1701 est,
981 1640 1077 1703 quem
1107 1621 1247 1686 sensisse
1275 1622 1415 1687 voluisse
1449 1620 1563 1686 fecisse

332 1729 460 1811 ‚aliquod
474 1727 701 1810 intellegimus.
732 1727 843 1794 videor
857 1729 922 1792 iam
938 1726 1016 1794 mihi
1032 1727 1231 1810 intellegere,
1249 1746 1305 1793 cur
1320 1747 1401 1793 unus
1418 1729 1563 1794 Dioclem

335 1856 356 1910 ⁴e
378 1835 521 1902 tenebris
541 1834 749 1916 protraxerit,
774 1853 830 1902 cur
853 1835 1033 1900 delectatus
1057 1853 1094 1902 eo
1118 1833 1230 1916 tuerit3
1256 1835 1355 1900 etiam
1379 1854 1436 1901 cur
1452 1855 1493 1900 ex
1515 1836 1564 1900 sui

338 1942 459 2011 saeculi
482 1941 682 2024 philosophis
706 1941 865 2023 scepticos
888 1943 1017 2024 quidem
1040 1943 1221 2024 respexerit
1243 1943 1300 2008 sed
1324 1943 1364 2008 ab
1388 1944 1476 2008 omni
1492 1943 1564 2008 Pla·

331 2052 465 2118 tonicae
488 2049 616 2116 scholae
640 2050 744 2131 qualis
764 2054 832 2114 tum
855 2048 918 2114 huit
940 2050 1172 2131 superstitione
1194 2049 1278 2114 liber
1301 2050 1354 2130 sit,
1378 2051 1443 2116 iam
1459 2051 1564 2115 minus

332 2163 388 2226 est
411 2158 590 2224 obscurum.
636 2175 711 2224 nam
730 2157 817 2239 quod
837 2157 942 2239 ipsum
957 2157 1125 2223 Platonem
1141 2177 1161 2221 a
1175 2157 1310 2222 muliere
1326 2175 1365 2221 ea
1381 2157 1431 2222 cui
1447 2157 1564 2222 librum

327 2266 500 2350 ,dedicavit
527 2266 656 2350 (nomen
692 2265 876 2346 ignoramus
905 2264 988 2329 sicut
1011 2264 1076 2329 alia
1103 2269 1277 2346 propterea
1312 2265 1398 2347 quod
1425 2265 1566 2347 epistula

340 2373 538 2441 dedicatoria
553 2373 664 2456 periit)
680 2372 751 2438 iure
774 2371 877 2438 amari
900 2372 987 2452 dicit,
1011 2391 1075 2437 non
1099 2376 1189 2451 caret
1211 2373 1357 2438 acumine
1380 2391 1418 2438 eo
1436 2372 1564 2438 saeculo

339 2499 403 2561 quo
427 2471 503 2544 talis
524 2478 617 2552 Plato
647 2477 775 2561 qualem
798 2478 945 2560 depingit
968 2479 1131 2561 antiquior
1152 2479 1230 2559 rita,
1256 2498 1295 2543 ex
1317 2498 1381 2561 qua
1403 2479 1564 2562 Diogenes

333 2586 468 2668 pendet,
485 2603 564 2666 prae
579 2585 716 2666 theurgo
729 2585 1016 2667 Pythagorissante
1029 2585 1091 2651 coli
1107 2585 1227 2650 dudum
1239 2586 1390 2651 desierat.
1426 2587 1565 2668 denique
1665 2603 1667 2606 ’

340 2692 457 2759 nobilis
480 2691 535 2756 ille
558 2692 647 2758 locus
671 2693 726 2773 qui
749 2691 790 2756 de
813 2691 991 2773 Epicureae
1019 2692 1149 2758 scholae
1177 2694 1356 2776 propagine
1379 2699 1430 2759 est
1451 2713 1566 2760 novam

340 2799 458 2881 accipit
470 2799 584 2864 lucem.
618 2797 798 2880 Hesychius
814 2817 853 2864 ex
869 2817 926 2866 suo
943 2804 1074 2865 auctore
1090 2801 1262 2882 descripsit
1277 2801 1408 2885 Epicuri
1425 2802 1566 2867 scholam

333 2906 481 2972 Caesare
496 2906 676 2987 imperante
693 2905 837 2972 desiisse.
877 2911 1008 2988 poterat
1022 2907 1083 2974 hoc
1099 2908 1239 2973 scribere
1256 2909 1395 2991 Augusti
1411 2909 1565 2991 aequalis,

339 3018 512 3095 postquam
535 3011 648 3076 hortus
664 3011 796 3093 Epicuri
811 3013 845 3076 in
866 3013 989 3078 alienas
1004 3032 1117 3080 manus
1134 3015 1259 3096 cecidit,
1284 3035 1477 3099 quamquam
1501 3015 1567 3081 ani-

341 3139 427 3184 mum
442 3119 610 3200 Epicureis
621 3138 686 3185 non
697 3117 858 3184 faventem
873 3121 925 3185 vel
936 3120 997 3187 hoc
1012 3121 1129 3203 prodit.
1166 3123 1302 3189 eundem
1315 3129 1479 3190 auctorem
1492 3125 1567 3190 Dio-

335 3227 416 3309 geni
428 3231 559 3308 praesto
571 3225 671 3292 fuisse
683 3225 777 3292 facile
793 3226 908 3308 elucet,
927 3228 984 3293 sed
999 3234 1075 3311 post
1090 3230 1186 3294 exilia
1196 3230 1406 3312 biographica
1422 3232 1567 3314 sequitur

342 3333 541 3415 amplissima
556 3333 687 3414 Epicuri
703 3334 875 3415 accusatio,
898 3353 915 3400 0
933 3335 1073 3418 Sotione,
1096 3336 1236 3402 Senecae
1252 3339 1407 3420 magistro
1424 3338 1567 3425 (praeter

342 3441 526 3522 Epictetum
549 3458 569 3502 a
591 3439 735 3520 Diogene
759 3440 932 3523 additum),
965 3447 1105 3524 sumpta;
1136 3445 1187 3509 cui
1210 3445 1295 3510 inter
1318 3451 1443 3512 ceteros
1467 3452 1567 3513 testes

342 3546 441 3610 ctiam
458 3545 659 3610 Timocrates
676 3545 732 3610 illa
747 3546 920 3612 intuerunt.
959 3549 1053 3614 credo
1070 3569 1130 3631 ego
1146 3551 1226 3616 haec
1242 3571 1377 3634 quoque,
1395 3573 1413 3618 e
1428 3553 1568 3620 Sotionis

342 3653 426 3718 libro
443 3657 555 3718 contra
567 3651 710 3718 Dioclem
726 3654 857 3735 scripto,
882 3654 922 3719 ab
939 3656 1009 3736 ipso
1027 3658 1146 3738 apponi
1161 3657 1302 3740 Laertio,
1327 3661 1385 3725 scd
1400 3661 1483 3726 hanc
1500 3681 1568 3726 sen-

341 3761 480 3827 tentiam
496 3759 615 3824 nemini
631 3778 761 3841 possum
778 3761 964 3828 obtrudere:
990 3764 1064 3829 inde
1081 3783 1100 3829 a
1116 3766 1166 3847 §9
1183 3765 1252 3848 ipse
1265 3767 1390 3832 orditur
1401 3767 1569 3832 vehemen-

339 3867 501 3934 tissimam
525 3865 752 3963 defensionem,
778 3887 873 3949 quam
889 3868 1017 3936 Diocles
1035 3876 1068 3936 et
1083 3872 1268 3938 Athenaeus
1284 3875 1460 3957 excipiunt3
1486 3877 1571 3940 inest

343 3978 475 4059 practer
515 3974 739 4056 Myronianum
779 3975 843 4040 iam
887 3995 986 4058 supra
1028 3978 1227 4044 nominatum
1268 3985 1301 4046 et
1340 3981 1570 4063 Apollodorum

345 4077 587 4167 κηποτύραννον
598 4079 672 4146 hoc:
690 4077 711 4164 ἦ
726 4105 759 4146 τε
770 4081 905 4168 διαδοχὴ
919 4087 1033 4149 πασῶν
1045 4085 1161 4166 σχεδὸν
1172 4085 1374 4153 ἐκλιπουσῶν
1384 4087 1449 4152 τῶν
1460 4089 1571 4152 ἄλλων

346 4186 435 4270 ἐσαεὶ
457 4188 656 4270 διαμένουσα
678 4189 735 4252 καὶ
759 4193 935 4275 νηρίθμους
958 4187 1062 4276 ἀρχὰς
1084 4190 1261 4258 δυαλύουσα
1288 4194 1391 4280 ἄλλον
1413 4194 1449 4273 ἒξ
1472 4196 1572 4282 ἄλλης

347 4294 423 4378 τῶν
439 4299 614 4379 γνωρίμων.
665 4295 824 4361 nubemne
847 4297 1025 4378 amplector
1052 4299 1107 4380 qui
1134 4299 1167 4364 in
1193 4300 1245 4366 his
1272 4301 1390 4366 iratum
1418 4302 1572 4384 Diogenis

348 4401 488 4465 animum
519 4402 630 4466 audire
659 4402 737 4467 mihi
759 4403 884 4484 videar,
917 4423 987 4470 cum
1016 4405 1049 4470 in
1077 4404 1166 4471 fonte
1193 4425 1251 4472 suo
1279 4408 1395 4488 legerit
1423 4408 1572 4474 interisse
