3432 5400
1347 440 1409 504 103

180 631 358 700 φραστος
383 612 715 701 Παρμενίδῃῑωγ
741 613 783 690 ὡς
805 614 844 682 δὲ
866 614 981 701 Ζήνων
999 614 1159 682 Ἡσίοδον.
1198 616 1288 682 Haec
1310 617 1410 698 igitur

180 723 224 788 ad
246 741 345 788 unum
368 721 537 787 referenda
560 726 636 788 sunt
658 727 831 788 auctorem.
860 761 898 770 —
923 724 972 788 De
988 723 1180 805 Anaxagora
1204 728 1237 789 et
1252 722 1409 789 Archelao

180 829 344 894 Dialesius
375 828 396 893 l.
422 848 448 894 c.
478 829 564 895 idem
592 829 835 896 demonstravit.
883 829 920 894 In
951 830 1023 895 aliis
1052 829 1230 896 breviorem
1259 830 1409 895 Laertius

180 936 284 1002 solam
308 935 454 1018 sequitur
468 935 656 1001 memoriam
673 936 998 1020 Theophrasteorum‚
1023 957 1105 1020 quae
1129 938 1303 1020 compilare
1318 937 1407 1002 nolo:

180 1043 259 1124 quin
288 1041 439 1107 breviora
467 1042 526 1107 illa
554 1042 734 1109 debeantur
760 1043 919 1110 Favorino
955 1043 1038 1112 citra
1066 1045 1299 1112 dubitationem
1330 1043 1409 1108 mihi

180 1147 310 1214 videtur
335 1165 407 1214 esse
429 1148 580 1230 positum.

478 1499 508 1566 5.
537 1501 578 1568 lle
606 1501 786 1584 reliquarum
809 1502 935 1570 ullarum
959 1505 1112 1570 memoria.

269 1681 420 1747 Laertius
448 1717 492 1728 -
520 1679 548 1744 si
583 1680 747 1762 exceperis
780 1680 999 1763 Scepticorum
1034 1687 1068 1750 et
1102 1685 1336 1752 successionem
1372 1691 1405 1752 et

178 1791 359 1857 doctrinam
385 1825 422 1836 -
449 1787 608 1854 Favorino
631 1787 834 1868 potissimum
849 1807 927 1854 usus
943 1795 994 1856 est
1007 1795 1041 1856 et
1055 1791 1182 1872 Diocle;
1207 1793 1248 1858 ad
1264 1793 1408 1860 Dioclem

179 1897 303 1962 evitis
331 1895 450 1979 pusilla
484 1899 518 1961 et
547 1895 764 1960 accuratiores
792 1895 979 1978 dogmatum
1007 1899 1212 1966 recensiones
1239 1898 1409 1966 referenda

178 2008 270 2085 sunt,
310 2004 350 2070 ad
386 2002 578 2069 Favorinum
616 2003 768 2085 dogmata
803 2006 987 2072 summatim
1021 2005 1169 2088 exposita
1203 2012 1236 2074 et
1269 2007 1408 2072 vitarum

178 2112 319 2176 maxima
349 2129 425 2193 pars
453 2109 501 2176 ita
528 2110 675 2192 quidem,
712 2115 748 2176 ut
778 2130 860 2193 quae
890 2111 923 2176 in
953 2113 1124 2194 omnigena
1150 2113 1288 2179 historia
1316 2117 1409 2179 erant

179 2220 303 2301 scripta
330 2219 364 2283 in
395 2218 617 2300 compendium
648 2223 778 2300 cogeret
806 2220 1008 2302 interpositis
1037 2239 1076 2286 ex
1107 2219 1408 2286 commentariorum

179 2326 397 2392 conlectaneis
412 2326 575 2392 nonnullis
591 2325 784 2405 historialis;
809 2327 884 2392 hinc
900 2328 1158 2394 testimoniorum
1174 2327 1309 2409 copiam,
1333 2325 1408 2392 hinc

177 2434 301 2500 indices
325 2440 358 2499 et
380 2434 536 2500 librorum
560 2438 594 2500 ct
616 2433 881 2516 homonymorum
905 2435 1072 2501 derivavit.

267 2543 305 2607 In
334 2546 460 2608 ceteras
488 2542 572 2608 vitas
600 2559 680 2623 quas
715 2542 857 2607 nondum
888 2544 1026 2610 tractavi
1058 2543 1143 2608 idem
1172 2541 1280 2608 valere
1309 2559 1406 2606 nnus-

177 2651 314 2733 quisquo
338 2649 485 2731 dispicit,
514 2667 573 2714 nec
597 2647 705 2715 differt
728 2649 852 2731 species
876 2668 987 2715 earum
1012 2654 1159 2729 externa,
1192 2653 1330 2730 suntque
1354 2666 1406 2713 ex·

177 2775 292 2840 pressa
330 2756 474 2821 eiusdem
512 2756 646 2838 originis
684 2755 822 2838 vestigia
860 2756 950 2822 velut
993 2756 1180 2823 testimonia
1221 2755 1334 2822 eadem
1373 2759 1407 2820 et

176 2864 441 2946 homonymorum
476 2861 625 2944 catalogi.
672 2860 787 2928 illius
822 2863 945 2944 igitur
977 2863 1181 2946 biographi
1218 2861 1405 2928 Laertius

175 2970 459 3053 propemodum
482 2972 547 3034 est
570 2969 751 3051 epitome.

265 3078 357 3144 Nunc
379 3077 426 3142 rei
450 3076 490 3141 de
514 3094 578 3158 qua
601 3076 726 3158 agimus
750 3093 873 3143 summa
897 3081 948 3143 cst
972 3075 1132 3158 confecta,
1156 3093 1349 3158 quamquam
1371 3074 1405 3140 in

175 3185 316 3267 singulis
339 3185 508 3249 innumera
530 3182 675 3247 resident
698 3183 874 3249 enodanda

266 3291 491 3357 Necessarium
529 3290 609 3356 duco
649 3295 682 3355 et
720 3290 761 3354 ad
795 3289 964 3355 historiam
998 3289 1181 3354 litterarum
1216 3307 1404 3372 graecamm

173 3401 305 3483 penitus
318 3404 351 3466 et
366 3403 454 3464 recte
470 3375 723 3480 pernoscendam
739 3396 1030 3464 fructuosissimum
1046 3396 1235 3478 omnigenae
1247 3396 1402 3463 historiae

174 3513 284 3572 cetera
312 3506 473 3588 conligere
502 3506 649 3586 vestigia
697 3505 789 3584 Quod
817 3511 854 3570 ut
880 3504 981 3587 probe
1009 3504 1214 3583 instituatur,
1247 3505 1403 3570 seriorum

173 3614 420 3695 compilatorum
458 3631 558 3695 opera
603 3613 815 3679 examinanda
854 3617 929 3678 sunt
967 3617 1001 3678 ct
1039 3630 1110 3678 cum
1148 3610 1279 3676 Laertio
1319 3629 1403 3675 com-

171 3720 331 3804 ponenda.
386 3721 429 3785 At
464 3719 656 3803 quantillum
691 3725 755 3803 est,
792 3719 878 3802 quod
912 3719 952 3786 de
983 3719 1044 3785 hoc
1071 3718 1254 3784 litterarum
1284 3735 1401 3799 genero

173 3830 219 3895 sit
257 3827 473 3910 exploratum!
536 3827 650 3910 Itaque
689 3826 857 3894 incohasse
896 3827 979 3894 hanc
1017 3827 1058 3894 dc
1095 3825 1246 3893 Favorini
1283 3844 1401 3906 propa-

173 3937 304 4020 gatione
347 3934 569 4026 quaestionem
612 3935 692 4000 satis
737 3935 934 4002 habebimus.
1001 3935 1048 4000 Ac
1090 3933 1228 4016 primum
1272 3932 1400 4014 quidem

171 4107 387 4118 ω*

245 4192 294 4265 ¹¹⁰)
313 4193 367 4248 Per
386 4207 415 4247 se
435 4191 546 4262 quidem
565 4192 749 4262 Theophrasti
767 4191 899 4247 memoria
917 4190 1008 4247 dirimi
1033 4195 1161 4260 potesta
1179 4188 1325 4256 Favorino,
1350 4189 1399 4244 sed

172 4298 280 4351 semper
302 4281 455 4351 biographo
480 4286 523 4336 est
546 4281 695 4337 tribuenda
711 4281 868 4338 Laertiano.
906 4281 963 4336 leto
987 4278 1155 4350 biographus
1180 4277 1204 4332 si
1226 4276 1293 4330 mihi
1317 4282 1398 4332 antea

172 4371 315 4427 credidisti
333 4370 387 4427 fuit
405 4370 566 4427 Fauorinus.
