3420 5408
1316 471 1356 531 77

267 635 395 690 Laertius
413 635 454 688 lll
472 636 507 690 56
527 650 586 704 sqq.
748 633 752 722 Ι
785 635 901 691 Albinus
912 653 937 704 p.
951 639 1036 704 149,5
1056 635 1205 708 [Fraudp.
1218 638 1351 708 258sqep]

129 753 246 832 λογίας
272 750 339 836 ἥτις
366 753 431 816 ἐστὶ
459 750 568 838 πρώτη
596 751 720 836 ἡγεῖται
774 752 837 816 είσὶ
854 751 1165 840 Δερκυλλίδηςῧλ)
1189 755 1245 819 καὶ
1262 754 1364 838 Θρά-

130 855 375 946 Εὐθύφρων
394 857 539 946 δεύτερος
555 855 720 938 ἀπολογία
775 859 901 934 συλος.

129 964 331 1048 Σωκράτους,
354 971 457 1052 τρίτος
484 968 655 1051 Κρίτων..
674 971 720 1030 τέ-

128 1093 246 1158 ταρτος
259 1075 395 1140 Φαίδων
406 1127 412 1140 .
425 1124 433 1140 .
445 1125 452 1138 .
465 1125 472 1138 .
486 1075 526 1138 57
545 1073 672 1140 δοκοῦσι
683 1074 723 1137 δέ
779 1075 851 1152 149,
872 1075 911 1138 13
941 1076 1136 1160 παραδεῖξαι
1163 1074 1227 1162 γάρ
1254 1073 1363 1154 doude-

129 1201 187 1260 μοι
199 1179 388 1266 προσώποις
403 1182 459 1242 καί
476 1183 557 1262 βίων
572 1178 721 1264 περιστά-
776 1203 831 1242 ται
854 1177 969 1254 ὁποῖος
992 1179 1036 1245 aiv
1052 1185 1101 1266 εἴη
1117 1179 1135 1245 ὁ
1153 1185 1209 1246 τοῦ
1233 1178 1363 1264 φιλοσό-

129 1279 427 1372 σεσινηθεληκέναι
440 1283 718 1363 adsentatorum.
776 1307 842 1367 φου
865 1291 942 1368 βίος.

222 1442 336 1506 Alieno
351 1442 468 1506 iudicio
485 1442 541 1506 isti
558 1444 689 1524 sapiunt
704 1444 879 1525 magistelli
896 1441 948 1525 [cl.
964 1462 995 1523 p.
1010 1443 1053 1505 44
1069 1443 1126 1526 n.].
1163 1444 1283 1520 Quodsi
1300 1445 1365 1509 alia

132 1549 257 1613 Laertii
287 1555 320 1613 et
349 1549 455 1613 Albini
487 1555 681 1631 congruunt,
711 1551 823 1614 subest
852 1549 1044 1613 Laertianus
1072 1549 1126 1613 ille
1155 1550 1362 1632 biographus,

133 1656 252 1721 Subest
277 1657 377 1737 igitur
406 1661 439 1719 et
468 1657 500 1720 in
527 1657 656 1738 ‘dialogi
686 1655 874 1722 defiuitione
905 1655 1056 1736 generali
1090 1655 1212 1738 [Laert.
1237 1657 1362 1738 11148,

131 1762 268 1828 Albinus
297 1783 328 1844 p.
362 1766 434 1844 147,
467 1764 521 1846 18]
552 1769 585 1828 et
615 1766 657 1828 ‘in
687 1763 858 1846 generibus
882 1763 1002 1843 dialogi
1031 1761 1200 1827 Platonioi'
1238 1762 1360 1846 [Laert.

130 1871 180 1935 III
203 1872 346 1948 49-51,
372 1870 442 1934 Alb.
472 1872 544 1951 148,
570 1868 638 1957 24],
664 1872 802 1954 denique
825 1871 858 1934 in
883 1871 933 1950 iis,
958 1888 1041 1952 quae
1066 1871 1106 1934 de
1135 1871 1238 1936 ‘initio
1262 1873 1363 1953 scrip·

132 1977 231 2041 tionis
255 1976 450 2040 Platonicae‘
477 1977 627 2041 Laertius
651 1978 708 2053 111,
735 1981 776 2042 62
801 1983 834 2041 et
858 1977 992 2042 Albinus
1016 1997 1047 2058 p.
1072 1979 1144 2057 149,
1173 1982 1187 2041 1
1215 1997 1282 2059 sqq.
1308 1997 1363 2042 ex·

130 2088 269 2164 ponunt:
288 2101 370 2164 quae
386 2083 515 2164 quidem
533 2085 640 2149 omnia
664 2103 703 2148 ex
727 2090 900 2166 conspectu
916 2085 1110 2148 incertorum
1127 2084 1240 2167 [supra
1255 2104 1285 2165 p.
1305 2085 1361 2170 67]

130 2207 216 2253 nuno
241 2188 438 2253 excludenda
462 2196 545 2254 sunt

534 2457 565 2514 d.
589 2459 633 2512 lle
653 2457 755 2515 Gellio
775 2458 807 2512 et
824 2457 964 2512 Laertio.

223 2599 373 2664 Laertius
397 2619 468 2664 oum
491 2605 595 2665 toturn
619 2601 659 2664 de
675 2602 821 2666 Platonis
844 2600 1064 2665 malivolentia
1087 2601 1193 2664 locum
1217 2605 1360 2682 pertrac-

131 2711 234 2786 taret,
260 2726 330 2772 oum
360 2708 441 2772 alios
464 2707 583 2772 multos
614 2710 703 2774 velut
726 2708 887 2773 Molonem
910 2707 1135 2773 Autistheuem
1159 2708 1360 2789 Aristippum

131 2815 299 2879 Socratem
332 2821 400 2880 tum
435 2815 681 2897 Xenophontem
706 2817 792 2880 inter
816 2817 884 2880 eius
907 2816 1054 2879 inimicos
1077 2816 1270 2880 numeravit.
1318 2815 1361 2880 Et

133 2921 174 2984 de
205 2919 265 2984 hoo
294 2921 423 3002 quidem
452 2921 500 2985 ita
528 2921 659 2988 disserit
682 2923 729 2987 III
753 2925 810 2987 34:

222 3025 303 3091 ἔοικε
331 3026 371 3092 δὲ
400 3027 455 3090 καί
479 3032 636 3111 Ξενοφῶν
663 3027 743 3114 πρὸς
766 3026 868 3095 αὐτὸν
891 3029 977 3110 ἔχειν
1000 3025 1057 3093 οἷα
1080 3025 1238 3111 εὐμενῶς·

208 3151 233 3215 I.
259 3147 365 3235 ὥσπερ
387 3157 466 3232 γοῦν
493 3151 807 3232 διαφιλονεικοῦντες
832 3151 874 3216 τά
902 3149 1001 3236 ὅμοια
1028 3150 1210 3237 γεγράφασι
1240 3150 1361 3236 συμπά-

263 3274 341 3336 σιον,
366 3254 555 3338 Σωκράτεος
577 3255 772 3340 άπολογίαν,
796 3255 835 3321 τά
860 3254 962 3343 ἢδικά
985 3255 1322 3344 ἀπομνημονεύματα·

193 3363 234 3428 Π.
260 3365 327 3427 εἶδ’
349 3361 367 3427 ὁ
389 3363 451 3446 μὲν
474 3365 651 3444 πολιτείαν,
675 3363 693 3427 ὁ
716 3365 753 3426 δὲ
776 3364 887 3446 Κύρου
911 3365 1084 3430 παιδείαν

176 3469 234 3534 ΙΠ.
259 3471 314 3533 καὶ
340 3474 375 3536 ὲν
397 3485 463 3546 τοῖς
486 3469 597 3556 νόμοις
620 3469 637 3536 ὁ
657 3470 796 3536 Πλάτων
820 3471 953 3555 πλάσμα
971 3473 1073 3557 φησὶν
1096 3471 1261 3557 εἶναιτὴν
1284 3497 1359 3536 παι-

263 3577 355 3642 δείαν
377 3575 494 3644 αὐτοῦ·
517 3575 561 3662 μὴ
583 3577 647 3664 γὰρ
670 3581 754 3643 εἶναι
779 3580 883 3664 Κῦρον
905 3585 1069 3646 τοιοῦτον·

179 3683 234 3749 IV.
260 3680 440 3771 ἀμφότεροί
468 3709 502 3750 τε
524 3683 715 3770 Σωκράτους
741 3687 991 3770 μνημονεύοντες
1019 3682 1167 3769 άλλήλων
1199 3682 1359 3768 οὐδαμοῦ,

262 3789 347 3875 πλην
371 3791 528 3874 Ξενοφῶν
546 3791 724 3866 Πλάτωνος
747 3792 783 3855 ἐν
807 3798 899 3879 τρίτῳ
922 3801 986 3856 τῶν
1007 3790 1356 3878 ἀπομνημονευμάτων.

224 3913 287 3978 Diu
303 3920 378 3980 aute
394 3917 559 3981 Laertium
585 3920 614 3981 ‘a
637 3918 803 4000 quodam
825 3919 1006 3994 Platonis
1031 3924 1071 3984 et
1086 3918 1358 3999 Xenophontis

131 4019 365 4103 biographo'
396 4023 517 4088 invidia
544 4024 672 4089 illorum
704 4027 902 4106 argumentis
926 4026 1040 4090 iisdem
1064 4030 1136 4089 erat
1159 4023 1357 4105 confirmata,

130 4193 346 4210 n—l-n-——n-.—.

205 4304 241 4376 ⁸²)
259 4305 432 4374 Dercyllidae
460 4305 546 4376 igitur
572 4306 701 4362 memoria
719 4307 792 4375 apud
818 4307 924 4362 Laertii
947 4307 1127 4376 biographuur
1146 4305 1267 4360 extabat.
1305 4306 1357 4379 [cl.

130 4395 234 4452 Freud.
251 4413 279 4465 p.
298 4396 371 4466 tot]
