3432 5400
1325 511 1387 574 163

161 689 293 772 Epicuri
316 687 472 769 scholam,
502 689 592 754 cuius
620 687 744 754 duobus
769 686 906 752 sacculis
929 692 1005 770 post
1026 684 1172 752 florentis
1194 687 1265 769 ipse
1287 688 1388 790 parti-

162 815 237 878 ceps
260 796 325 862 sit?
368 813 473 860 nonne
496 795 543 860 ita
566 795 622 877 qui
645 794 814 860 videbatur
837 795 922 860 inter
937 792 1132 877 Hesychium
1156 799 1189 859 et
1211 794 1388 876 Diogenem

162 905 325 970 dissensus
360 903 480 985 optime
516 903 709 985 explicatur,
744 902 903 984 simulque
937 903 1114 984 percipitur
1148 902 1224 984 quid
1258 903 1390 968 intersit

162 1011 247 1076 inter
271 1010 434 1076 saeculum
458 1014 597 1090 sextum,
628 1028 699 1074 cum
728 1007 831 1075 omnis
859 1008 1064 1091 philosophia
1087 1009 1152 1075 iam
1175 1027 1195 1073 a
1217 1008 1333 1074 timore
1356 1014 1389 1075 et

161 1117 235 1184 odio
259 1115 516 1184 Christianorum
539 1115 601 1182 coli
623 1117 726 1182 vetita
750 1121 846 1196 essct,
872 1119 905 1180 et
927 1115 1074 1196 tertium,
1101 1113 1228 1181 effetum
1252 1115 1333 1181 illud
1356 1121 1389 1180 et
1416 1152 1419 1156 -

162 1225 370 1307 degenerum,
402 1242 473 1290 curn
500 1225 572 1306 ipsa
595 1222 806 1309 παραδόσεως
828 1239 911 1305 quae
941 1227 1075 1288 eatenus
1104 1222 1166 1288 tuit
1191 1223 1388 1289 continuatio

161 1337 259 1414 atque
293 1332 462 1398 sinceritas
497 1350 561 1397 non
602 1331 708 1397 minus
742 1330 871 1396 labaret
909 1348 1004 1412 quarn
1045 1331 1215 1413 imperium
1251 1331 1389 1396 Graeco-

160 1439 348 1518 Romanum,
373 1456 444 1502 cnm
466 1437 743 1520 ingeniosissimus
766 1436 901 1519 quisquc
925 1442 983 1502 aut
1004 1437 1179 1519 religiones
1201 1454 1240 1501 ex
1256 1431 1393 1502 Oriente

161 1545 279 1610 sensim
295 1563 354 1626 per
369 1544 522 1610 mundum
538 1544 711 1626 gliscentes
726 1525 951 1625 promoveret,
962 1544 1076 1610 sollers
1092 1545 1125 1608 in
1141 1544 1299 1610 maiorum
1314 1543 1389 1610 reli·

161 1651 255 1734 gione
278 1651 431 1732 moribus,
456 1651 580 1718 artibus
603 1651 740 1732 litteris,
765 1651 891 1717 dicendi
916 1652 1078 1734 cogitandi
1101 1652 1281 1720 rationibus
1303 1652 1390 1734 proi-

161 1758 281 1825 ciendis
305 1763 338 1824 et
361 1757 572 1840 extirpandis,
596 1763 662 1839 aut,
687 1758 762 1824 dum
786 1758 848 1824 sibi
867 1759 1037 1824 videretur·
1055 1751 1177 1824 tradita
1200 1777 1219 1823 a
1242 1758 1389 1841 patribus

161 1883 254 1932 sacra
287 1866 437 1947 religiose
472 1883 616 1945 servare,
646 1865 788 1931 ventosis
812 1869 846 1930 et
874 1864 1021 1932 obscenis
1055 1865 1247 1947 peregrinae
1278 1881 1390 1946 supar-

161 1973 303 2039 stitionis
337 1977 370 2038 et
399 1973 572 2038 ementitae
607 1973 688 2037 artis
722 1972 889 2038 lenociniis
925 1972 1122 2053 inquinaret,
1158 1971 1273 2053 vulgus
1301 1989 1388 2052 vero,

161 2097 179 2144 e
203 2098 266 2161 quo
282 2079 445 2161 Diogenes
461 2079 592 2161 prodiit,
617 2098 721 2162 neque
745 2084 857 2145 tenere
880 2083 992 2146 vetera
1015 2097 1119 2161 neque
1138 2080 1291 2161 amplecti
1306 2097 1389 2146 nova

165 2185 305 2267 valeret,
340 2192 377 2252 ut
407 2191 496 2252 recte
524 2185 661 2252 historia
688 2186 860 2270 plerosque
889 2187 1009 2254 saeculi
1032 2187 1123 2252 tertii
1146 2186 1300 2254 mortales
1325 2205 1389 2252 non

160 2297 326 2375 respectos
349 2298 554 2376 transgressa
577 2293 628 2358 sit.
668 2293 755 2376 iacit,
780 2295 843 2360 nisi
862 2292 967 2375 fallor,
991 2299 1195 2375 momentum,
1221 2293 1271 2360 vel
1291 2313 1389 2359 unum

161 2401 201 2465 de
234 2400 329 2483 plebe
364 2401 428 2466 ista
462 2402 604 2481 novisse,
640 2419 699 2466 nec
733 2401 837 2468 habeo
871 2406 1002 2483 praeter
1037 2400 1224 2483 empiricum
1259 2401 1390 2468 Senium

161 2508 216 2591 qui
252 2508 347 2573 huius
386 2509 507 2574 saeculi
545 2508 718 2591 imaginem
760 2513 827 2574 tam
865 2509 1044 2574 luculenter
1083 2508 1124 2573 ab
1162 2507 1223 2574 hac
1261 2509 1389 2592 quidem

160 2620 254 2697 parte
288 2615 441 2682 inlustret
472 2635 567 2699 quam
598 2615 775 2699 Diogenem
804 2617 909 2700 qualis
937 2616 1029 2682 nobis
1065 2616 1225 2698 adparuit.
1278 2635 1388 2698 quam-

161 2741 256 2805 quam
298 2728 389 2789 aetas
431 2725 500 2789 eius
539 2725 672 2792 incerta.
736 2725 794 2790 sed
832 2725 916 2792 sicut
955 2729 1030 2790 ante
1069 2723 1306 2790 Diocletianum
1343 2724 1390 2789 vi·

161 2830 255 2896 detur
289 2831 400 2913 utique
427 2830 541 2913 fuisse,
571 2832 619 2897 ita
647 2850 783 2915 vergens
811 2832 1039 2914 potiusquam
1068 2849 1202 2913 surgens
1226 2830 1389 2897 saeculum

161 2955 277 3002 nomen
311 2937 438 3004 videtur
473 2939 703 3005 demonstrare.
764 2958 823 3022 ego
859 2939 943 3004 enim
982 2956 1086 3021 neque
1121 2938 1215 3005 credo
1251 2938 1388 3004 scribam

161 3043 317 3127 Stephani
340 3045 502 3127 Byzantii,
528 3046 582 3128 qui
605 3050 754 3132 Λαερτέα
778 3049 933 3131 Διογένην
955 3045 1116 3112 intellexit
1138 3044 1258 3110 Laerta
1281 3045 1388 3111 oriun-

139 3154 245 3234 dum,
271 3152 467 3235 sequendum
492 3170 577 3232 esse,
607 3157 641 3218 et
669 3171 724 3219 cos
752 3153 806 3236 qui
830 3153 938 3219 nescio
961 3152 1047 3235 quod
1070 3170 1185 3218 nomen
1209 3152 1388 3218 Romanurn

161 3260 359 3344 gentilicium
394 3259 595 3326 somniantur
628 3261 728 3326 rideo.
780 3261 941 3326 nominavi
975 3260 1152 3342 Diogenem
1187 3264 1221 3325 et
1254 3279 1388 3342 pergam

159 3368 220 3433 hoc
242 3367 358 3447 facere,
384 3386 577 3450 quamquam
592 3368 757 3435 Laertium
779 3373 815 3433 tu
838 3386 944 3449 vocas,
968 3386 1072 3450 neque
1095 3366 1156 3433 tibi
1172 3367 1309 3433 alterurn
1333 3368 1387 3434 ob-

159 3475 265 3542 trudo.
318 3474 469 3540 nimirum
492 3475 588 3541 iussis
616 3495 680 3542 non
703 3493 854 3557 paremus
878 3476 942 3542 nisi
964 3475 1114 3556 rationis,
1146 3475 1263 3540 nedum
1286 3475 1387 3542 homi-

159 3602 235 3648 num
262 3583 297 3646 in
328 3581 450 3647 Graece
485 3580 661 3648 formandis
689 3582 870 3649 nominibus
893 3579 1117 3647 titubantium.¹
1165 3582 1249 3646 ratio
1279 3586 1388 3648 autern

159 3693 263 3771 docet,
287 3707 403 3755 nomen
428 3686 545 3754 Graeci
568 3689 706 3756 hominis
730 3689 828 3755 fuisse
850 3690 1038 3771 Diogenem,
1063 3689 1119 3754 sed
1143 3689 1268 3770 signum
1289 3689 1387 3754 Laer-

159 3801 255 3879 tinrn,
286 3795 458 3862 formatum
489 3815 508 3860 a
531 3795 651 3862 Laerta
673 3797 843 3862 Homerico
872 3801 909 3862 ut
931 3796 1099 3862 Nestorios
1122 3795 1291 3861 Heraclios
1314 3796 1387 3861 Pla·

159 3907 266 3973 touios
299 3903 531 3985 innumeraque
565 3903 630 3969 alia
665 3904 770 3986 signa,
813 3923 896 3987 quae
935 3908 991 3969 aut
1029 3904 1167 3969 historia
1201 3901 1295 3969 offert
1330 3909 1387 3970 aut

159 4013 298 4095 lapides,
330 4011 385 4094 qui
406 4010 495 4076 hisce
519 4012 620 4094 signis
648 4016 770 4078 certum
801 4012 947 4078 tribuunt
969 4012 1074 4078 locum
1098 4011 1185 4094 (mox
1208 4028 1255 4076 ex.
1281 4028 1327 4092 gr.
1353 4011 1386 4076 in

159 4121 229 4187 foro
246 4119 384 4185 Traiano
406 4117 509 4184 multa
532 4117 679 4202 videbis),
705 4122 761 4184 aut
783 4123 896 4183 nostra
919 4118 1130 4183 consuetudo:
1155 4136 1230 4182 nam
1248 4117 1386 4199 Eugenii

160 4227 293 4309 Georgii
316 4226 466 4308 Gregorii
495 4224 690 4306 Stephaniae
718 4224 864 4290 Hilariae
892 4224 1054 4290 Macariae
1087 4243 1125 4289 ex
1153 4224 1218 4290 illis
1248 4223 1385 4290 saeculis

159 4333 360 4416 proveniunt.
413 4332 470 4398 sed
499 4332 608 4414 potius
640 4330 765 4397 Claudii
796 4349 891 4413 quam
921 4329 1106 4396 caracallae
1135 4335 1290 4411 aetatem,
1322 4329 1385 4396 uisi

159 4441 264 4522 fallor,
289 4441 415 4523 signmn
438 4440 568 4506 iudicat.
1173 4540 1224 4594 1*

1191 4543 1204 4595 l
