3420 5408
353 467 396 528 26

352 641 465 726 ἄνδρα
492 638 609 706 συνών.
661 639 734 705 Scio
763 636 966 721 ὁπλομαχικα
994 675 1036 686 -
1066 637 1155 704 velut
1183 638 1359 702 Democriti
1396 637 1588 718 philosophi

353 753 387 814 et
419 749 618 828 Protagorae
654 746 740 830 [περὶ
775 743 893 828 πάλης]
927 780 965 791 -
1004 746 1164 810 extitisse:
1201 744 1278 826 quid
1312 743 1373 809 hoc
1408 744 1449 807 erl
1483 744 1588 808 istum

351 855 547 938 Epicurum?
601 853 670 932 Qua
698 852 797 916 animi
824 849 1019 917 confidentia
1052 849 1279 936 παιδοτρίβην,
1316 867 1380 932 que
1407 850 1590 932 quemlibet

351 959 568 1047 ναφραιρύχαν
601 959 781 1026 iubebimus
809 977 880 1022 esse
908 960 1117 1041 scriptorem?
1168 959 1205 1024 In
1235 959 1403 1024 Timonum
1433 958 1588 1039 catalogo

352 1069 526 1134 Laertiano
556 1066 646 1131 Timo
675 1070 727 1130 est
753 1065 1008 1147 misanthropus:
1042 1067 1172 1148 scripsit
1201 1083 1279 1147 ergo
1315 1067 1343 1130 is
1377 1084 1517 1148 quoque,
1557 1067 1589 1129 si

354 1175 616 1242 Scheuerleerum
640 1173 816 1238 sectaberis
841 1172 1057 1238 circulantem.
1101 1173 1168 1238 Iste
1192 1171 1355 1238 hominum
1380 1191 1455 1238 osor
1476 1191 1590 1239 nonne

353 1301 373 1346 a
396 1300 431 1346 se
459 1282 530 1362 ipse
553 1280 755 1358 descivisset,
785 1279 813 1343 si
842 1278 1010 1344 scribendo
1033 1277 1209 1361 profuisset
1231 1280 1435 1345 hominibus?
1480 1279 1589 1344 Porro

353 1389 430 1471 quid
446 1387 614 1469 scripserit
628 1387 802 1452 rideamus
839 1386 946 1450 Paene
962 1385 1066 1452 facete
1081 1387 1162 1452 haec
1174 1385 1306 1451 disserit
1319 1386 1587 1452 Scheuerleerus:

357 1496 536 1559 ‘Incertum
563 1514 610 1556 αα
637 1513 713 1556 eum
741 1490 978 1556 Demetrius
1001 1529 1044 1540 —-
1068 1493 1165 1559 audin
1194 1493 1424 1559 circulantem‘?
1453 1529 1494 1539 —
1517 1500 1590 1578 pro

348 1605 445 1686 poeta
467 1596 623 1664 Ιιαοαενιῖ
641 1598 678 1662 ob
693 1596 911 1684 epagrammu,
937 1599 1028 1684 quod
1039 1599 1248 1664 Plutarchus
1267 1597 1307 1664 ι’νι
1321 1597 1471 1664 Antonio
1485 1622 1512 1665 c.
1530 1603 1588 1665 70.

353 1704 530 1772 laudavrl‘:

445 1809 580 1880 ‘luade'
605 1807 791 1900 ἀπορρήξας
811 1813 922 1898 ψυχὴν
944 1811 1176 1899 βαρυδαίμονα
1197 1822 1319 1898 κεῖμαι·

442 1920 589 2003 τοῦνομα
612 1914 644 1984 δ’
670 1916 707 1984 οὐ
731 1916 902 2002 πεύσεσθε,
926 1924 1019 1985 κακοὶ
1042 1920 1077 1984 et
1100 1920 1202 1996 κακῶς
1226 1916 1439 1988 ἀπόλοισθε·
1546 1965 1560 1974 -

487 2032 543 2091 καὶ
565 2027 660 2092 rouro
682 2029 743 2110 μὲν
766 2023 865 2093 αὐτὸν
887 2028 933 2092 ἔτι
956 2028 1059 2104 ζαῖντα
1083 2031 1295 2114 πεποιηκέναι
1319 2028 1474 2109 λέγουσιν.

356 2138 491 2202 Poterat
514 2136 652 2201 alterum
676 2154 716 2200 ex
731 2135 888 2218 Anonymi
912 2136 980 2201 vita
1002 2137 1148 2203 Platonis
1172 2136 1261 2220 [post
1284 2137 1398 2204 (lebeti
1420 2139 1592 2204 Laertium

357 2244 639 2309 aWestermanno
656 2241 757 2326 edita]
782 2242 966 2323 adiungere.
1008 2242 1095 2321 Quae
1112 2244 1304 2325 coniectura,
1329 2249 1366 2309 ut
1381 2245 1455 2327 dixi,
1480 2265 1589 2327 paene

355 2352 474 2417 faceta:
492 2352 548 2434 qui
572 2351 611 2416 de
635 2369 694 2416 sua
717 2350 819 2432 ipsius
842 2355 945 2415 morte
968 2350 1122 2416 ridiculos
1145 2350 1225 2416 duos
1248 2356 1356 2416 tresve
1379 2352 1493 2433 pangit
1514 2372 1591 2418 uer-

356 2459 474 2524 siculos
510 2477 582 2522 eum
616 2457 706 2522 rides
742 2457 774 2521 iu
810 2462 982 2552 augustum
1011 2461 1180 2538 poetarum
1209 2457 1340 2522 chorum
1369 2459 1517 2526 relatum.
1542 2495 1592 2506 -

356 2565 506 2630 Forsitan
535 2565 695 2646 quispiam
731 2565 850 2628 dixerit
878 2565 963 2646 quod
991 2564 1069 2628 alibi
1103 2565 1187 2629 idem
1223 2566 1409 2631 declamitat
1432 2565 1592 2631 Scheuer-

356 2673 462 2738 leerus
494 2672 538 2756 [p.
557 2671 614 2755 87]
638 2670 802 2736 Timonem
837 2671 878 2736 iis
907 2671 1181 2736 adnumerandum
1207 2672 1323 2752 rideri,
1359 2674 1414 2754 qui
1449 2673 1511 2736 etsi
1547 2674 1591 2738 de

356 2780 535 2862 peritorum
569 2779 730 2842 sententia
763 2777 853 2842 nulla
887 2778 1010 2858 scripta
1044 2777 1252 2859 reliquissent
1292 2784 1399 2844 tamen
1434 2775 1592 2846 recensiti

357 2892 475 2963 essent,
500 2904 615 2967 nempe
638 2890 675 2949 ut
698 2889 811 2949 contra
840 2883 953 2949 falsam
978 2885 1138 2966 quandam
1168 2885 1350 2966 opinionem
1378 2884 1591 2952 defenderen-

356 2999 420 3073 tur,
447 2993 535 3058 velut
558 2991 675 3056 Thales
704 2990 850 3056 Milesius
881 2991 1030 3056 Socrates
1054 2991 1238 3057 Arcesilaus
1263 2991 1444 3059 Gameades
1468 2994 1591 3077 Pytha-

359 3119 454 3183 goras
489 3099 616 3165 Samius
651 3099 813 3179 Diogenes
848 3097 1034 3180 Sinopensis
1069 3099 1265 3181 Aristippus.
1325 3102 1367 3166 At
1389 3102 1423 3166 in
1446 3101 1511 3167 illis
1534 3121 1591 3167 res

358 3209 453 3290 longe
476 3207 551 3272 alia.
592 3205 683 3284 Quis
706 3205 837 3270 tandem
853 3206 1019 3271 Timonem
1041 3207 1238 3287 nuncupavit
1254 3208 1465 3290 scriptorem?
1495 3209 1590 3274 Mon-

359 3321 490 3381 stretur.
549 3312 583 3378 Si
610 3314 729 3394 minus,
762 3314 796 3378 in
826 3331 865 3378 ea
891 3318 1002 3395 persto
1030 3313 1192 3379 sententia
1215 3315 1380 3381 Timonem
1406 3321 1444 3380 ut
1466 3315 1591 3382 homi-

359 3442 442 3489 nem
468 3421 623 3487 memoria
651 3421 795 3502 dignum,
832 3439 897 3486 non
925 3425 962 3486 nt
991 3422 1226 3503 scriptorem
1260 3421 1294 3488 in
1324 3422 1589 3506 homonymorum

358 3531 498 3597 indiculo
523 3529 633 3595 sedem
656 3528 718 3593 sibi
740 3529 917 3612 paravisse.

448 3637 564 3703 Paucis
587 3655 670 3702 nunc
693 3637 871 3717 transigam
895 3640 1029 3703 ceteros.

448 3744 692 3809 Heraclidarum
715 3745 744 3809 V
768 3743 809 3807 93
834 3743 949 3821 ὄγδοος
972 3741 1083 3825 ἰατρὸς
1105 3745 1169 3807 τῶν
1191 3739 1261 3808 ἀπὸ
1278 3741 1420 3809 Ἱκεσίου.

449 3851 561 3926 ἔνατος
583 3848 689 3936 ἰατρὸς
717 3854 915 3936 Ταραντῖνος
937 3847 1128 3937 ἐμπειρικός.

450 3959 690 4025 Theodoromm
716 3959 748 4024 Π
777 3945 842 4022 llll
872 3953 1149 4033 ἑπτακαιδέκατος
1182 3953 1289 4045 ἰατρὸς
1313 3953 1496 4043 Ἀθηναῖοι)
1526 3983 1591 4043 μα-

361 4064 470 4152 &prpe

451 4172 703 4255 Speusipporum
726 4171 770 4237 IV
796 4172 814 4236 5
839 4175 943 4257 ἕτερος
966 4172 1076 4257 ἰατρὸς
1094 4166 1300 4259 Ἡροφίλειος
1318 4166 1560 4256 Ἀλεξανδρεύς.

451 4279 637 4345 Stratonum
667 4279 696 4344 V
728 4281 765 4343 61
809 4277 946 4362 ἕβδομος
982 4279 1094 4366 ἰατρὸς
1122 4275 1262 4366 α’ρχατος
1296 4276 1339 4354 ὥς
1375 4277 1591 4367 Ἀριοιοτέλης

362 4390 469 4472 φησιν.
