3420 5408
349 482 391 548 38

348 664 605 742 praeceptorem,
641 657 847 724 Gadarcnum
885 659 1018 725 tertium
1057 657 1178 725 liberii
1216 659 1399 742 aequalem;
1439 680 1583 726 nonum

346 767 609 848 Byzantinum
624 766 760 831 Platone
777 766 1062 847 antiquioremetc.
1094 766 1221 848 Inspice
1236 767 1461 834 Demetrias
1476 769 1506 834 V
1519 769 1580 834 83:

346 874 483 956 primum
507 872 607 938 habes
625 871 875 938 chalcedonium
895 872 1132 954 Thrasymacho
1157 873 1361 955 anteriorem,
1386 874 1580 940 Phalereum

347 981 500 1060 alterum3
525 998 644 1045 nonum
659 979 802 1046 Ixionem
819 979 1003 1061 Augusteae
1019 981 1120 1046 aetati
1137 997 1319 1062 supparem,
1335 981 1580 1048 undecimum

348 1086 547 1168 Scepsium
572 1083 719 1171 [c.180].
759 1086 1059 1168 Xenophontum
1082 1086 1115 1152 Il
1136 1087 1269 1152 ultimus
1293 1093 1459 1169 comparet
1480 1093 1581 1170 pocta

348 1195 517 1260 comicus
541 1188 707 1276 *11116111ςῖ
739 1193 1041 1259 Heraclidarum
1057 1195 1084 1261 V
1102 1195 1143 1258 93
1168 1195 1291 1276 primus
1307 1195 1460 1261 Ponticus
1475 1197 1581 1261 maior

348 1302 431 1366 alter
455 1306 505 1366 est
528 1301 642 1381 minor,
666 1301 796 1383 quintus
820 1301 959 1367 Lcmhus
988 1301 1028 1386 [c.
1057 1303 1171 1367 1501.
1198 1300 1301 1386 Ghr.],
1327 1308 1463 1369 sextus
1486 1303 1580 1386 Epi-

349 1409 430 1474 curi
453 1407 645 1473 inimicus.

439 1514 541 1580 Ordo
557 1513 871 1597 homonymorum
895 1518 1028 1579 certus
1052 1515 1086 1579 si
1108 1517 1172 1596 qui
1196 1517 1329 1582 evenit
1345 1535 1390 1582 ex
1410 1514 1579 1582 fontium

348 1642 421 1689 usu
444 1621 682 1703 explicatur.
719 1620 915 1687 Testimonio
933 1627 1008 1686 sunt
1023 1621 1168 1703 Menippi
1182 1623 1236 1703 VI,
1259 1624 1335 1688 105:
1359 1627 1503 1707 πέμπτος
1524 1629 1581 1687 καὶ

348 1733 437 1804 ἕκτος
451 1725 630 1814 ζωγράφοι·
654 1731 815 1813 μέμνηται
837 1728 866 1793 δ’
897 1724 1090 1814 ἀμφοτέρων
1107 1725 1366 1815 Ἀπόλλοδωρος.
1404 1731 1467 1797 Sed
1489 1732 1580 1797 lucu·

348 1837 488 1903 lentiora
510 1835 624 1916 habeo,
649 1853 795 1918 quaeque
818 1855 883 1901 non
905 1834 989 1901 hanc
1007 1832 1137 1900 'tantum
1156 1838 1377 1919 quaestionem
1393 1837 1577 1921 profligent,

348 1964 460 2011 verum
484 1943 526 2009 ad
549 1941 630 2007 alias
653 1942 823 2008 solvendas
846 1943 931 2008 viam
954 1947 1225 2025 praemonstrent.

437 2051 515 2117 VIII
538 2052 580 2114 47
604 2051 638 2114 in
661 2051 919 2134 Pythagorarum
943 2052 1026 2116 serie
1049 2051 1129 2117 haec
1152 2051 1318 2134 leguntur:

390 2152 959 2244 Ιοἳ111611111161ιιῖνδριαντμποιόν
977 2154 1152 2243 Ῥηγῖνον
1174 2163 1344 2239 γεγονέναι
1361 2165 1443 2244 φασὶ
1459 2164 1577 2224 Πυθα-

349 2264 461 2353 γόραν,
484 2267 613 2350 πρῶτον
635 2265 794 2331 δοκοῦντα
817 2264 948 2349 ῥυθμοῦ
970 2265 1024 2329 καὶ
1047 2268 1242 2350 συμμετρίας
1264 2263 1478 2347 ἐστοχάσθαι·

394 2377 448 2436 καὶ
471 2370 573 2435 ἄλλον
596 2368 872 2455 ἀνδριαντοποιόν
894 2372 1056 2455 Σάμιον.

438 2480 560 2545 Eadem
588 2497 694 2544 nonne
722 2480 838 2545 mirum
873 2477 958 2562 quod
990 2477 1084 2544 modo
1118 2477 1267 2563 longIora
1301 2483 1334 2544 ct
1366 2482 1577 2563 accuratiora,

318 2584 321 2589 ’
350 2587 541 2674 quibusdam
579 2587 678 2651 etiam
713 2587 840 2651 omissis
873 2585 997 2650 Plinius
1033 2604 1072 2650 611
1105 2585 1251 2651 Varrone
1286 2583 1338 2670 [cf.
1369 2585 1504 2670 Brieger
1538 2589 1578 2654 de

349 2685 492 2764 fontibus
514 2693 612 2760 Plinii
636 2743 665 2760 ..
692 2692 855 2776 Gryphiae
881 2693 981 2778 1857]
1004 2693 1157 2774 repetivit
1180 2692 1326 2774 XXXIV,
1352 2694 1381 2774 8,
1410 2696 1464 2760 19:

441 2802 615 2886 ‘[Numeris
639 2806 672 2866 61
696 2802 890 2883 symmetria]
913 2799 995 2866 vz'cz't
1018 2820 1095 2864 eum
1119 2799 1343 2886 [Polycletum]
1367 2801 1580 2887 Pythagoras

349 2908 588 2995 Rheginum
597 2905 690 2993 fecit
709 2913 742 2973 et
753 2945 799 2956 —
813 2907 1049 2982 catharaedum,
1072 2905 1137 2993 pue'
1150 2905 1298 2972 Dicaeus
1312 2908 1499 2994 adpellatus
1519 2913 1576 2982 est,

349 3018 440 3104 quoa'
463 3035 540 3080 cum
568 3013 690 3079 Thebae
723 3015 763 3080 ab
784 3015 982 3080 Alexandro
1016 3019 1216 3102 caperentur
1248 3036 1334 3080 auro
1368 3037 1388 3079 a
1414 3014 1581 3101 fugiente

350 3121 519 3190 candetum
542 3115 624 3188 siau
647 3119 722 3186 eius
744 3121 883 3186 celatum
906 3126 995 3186 esset.
1040 3119 1111 3186 Hu
1126 3120 1267 3208 prauus
1288 3143 1406 3188 nervas
1427 3127 1460 3188 et
1479 3144 1580 3188 aeuus

349 3229 515 3319 expressit
534 3227 759 3316 capellamque
780 3227 994 3313 dz'la'geutzus.

439 3335 524 3402 Fuit
543 3343 576 3402 et
595 3335 688 3402 alius
703 3336 916 3421 Pythagoras
930 3335 1094 3404 Samius
1117 3335 1218 3402 mua
1234 3335 1345 3423 pictor
1363 3335 1463 3402 cutus
1477 3335 1579 3423 sagena

350 3447 397 3512 ad
422 3446 533 3510 aedem
552 3445 723 3530 fortunae
749 3442 889 3508 huiusce
915 3442 987 3508 daei
1015 3449 1132 3530 septem
1161 3445 1256 3509 nuda
1288 3449 1320 3508 et
1350 3442 1440 3508 seue's
1469 3466 1579 3510 uuum

350 3554 488 3620 laudata
511 3555 600 3617 suut.
641 3549 712 3616 Hic
734 3558 839 3638 supra
867 3549 952 3616 dicto
970 3550 1069 3636 facie
1095 3571 1223 3638 quaqua
1251 3549 1431 3616 audzscreta
1454 3549 1581 3617 seruilis

344 3659 464 3746 fuisse
485 3657 656 3724 teaa'c'tur’.

440 3767 598 3850 Exposuit
625 3765 906 3848 Furtwaenglerus
941 3765 1089 3849 [PIInius
1123 3766 1189 3830 und
1223 3766 1311 3830 seine
1347 3764 1483 3847 quellen'
1519 3770 1578 3833 etc.

351 3878 380 3945 J.
398 3877 427 3942 J.
446 3874 550 3957 suppl.
568 3874 614 3939 IX
639 3872 754 3957 [1877]
777 3893 808 3955 p.
829 3875 869 3937 67
895 3873 979 3957 sqq.]
1004 3872 1084 3938 illud
1108 3874 1147 3938 de
1166 3873 1357 3955 symmetria
1376 3872 1580 3955 Pythagorae

353 3984 439 4065 apud
453 3981 619 4046 Laertium
642 3980 675 4044 in
689 3980 838 4045 Varronis
861 3979 949 4046 fonte
973 3980 1127 4062 primario
1150 3979 1260 4060 fuisse,
1285 3979 1326 4044 ad
1349 3997 1444 4062 quem
1458 3980 1578 4062 relego.

351 4091 445 4156 Unde
468 4089 572 4153 Varro
602 4086 732 4152 haurire
761 4091 856 4151 acuta
884 4087 941 4152 illa
970 4087 1010 4151 de
1039 4087 1205 4152 statuariis
1234 4087 1354 4151 iudicia
1382 4088 1578 4168 potuerIt,

352 4194 385 4258 in
402 4193 511 4274 aprico
529 4199 587 4274 est,
606 4195 633 4258 si
650 4195 778 4277 quidem
790 4195 823 4258 in
839 4194 998 4259 indicibus
1014 4194 1195 4259 LaertianIs
1211 4194 1251 4259 de
1268 4193 1434 4258 statuariis
1449 4193 1579 4260 Polemo

352 4301 555 4384 potissimum
586 4306 618 4367 et
646 4303 826 4383 Antigonus
857 4301 1022 4384 Carystius
1053 4303 1242 4368 excitantur.
1296 4300 1462 4367 Polemoni
1492 4301 1581 4368 favet

353 4406 545 4492 homonyma
584 4409 795 4493 componendi
830 4409 1026 4477 consuetudo
1062 4409 1102 4476 de
1131 4409 1293 4492 Antigono
1329 4407 1434 4474 adhuc
1471 4410 1581 4494 incog-
