3432 5400
347 510 410 575 154

345 689 485 770 sensisti,
510 688 645 755 eandem
659 705 719 770 per
733 689 838 752 totum
854 684 967 750 barum
982 680 1166 748 litterarum
1181 697 1271 746 mare
1287 680 1410 762 spirare
1434 697 1561 747 auram:

343 816 453 864 verum
476 816 541 864 non
555 796 732 863 Favorinus
747 793 800 860 bic
823 797 873 860 est
895 809 999 875 neque
1014 790 1142 886 omuino
1157 807 1240 855 uuus
1262 788 1368 870 homo,
1392 789 1450 855 sed
1473 789 1563 856 sobo·

344 905 478 972 lasticae
501 903 713 972 institutionis
737 900 943 981 consuetudo,
967 917 1049 983 qnae
1072 916 1174 981 usque
1197 897 1239 964 ad
1262 897 1405 963 sacraria
1427 898 1564 963 Deran-

344 1013 455 1078 drinae
480 1012 607 1078 scholae
630 1030 688 1077 nos
711 1010 845 1076 reducit.
885 1026 1015 1092 possum
1039 1006 1156 1072 similia
1179 1023 1219 1071 ex
1244 1005 1419 1072 lonicorum
1442 1005 1564 1088 glossa-

343 1139 477 1204 rumque
500 1121 677 1203 propagine
700 1118 859 1202 persequi.
895 1134 970 1182 nam
992 1115 1038 1180 ibi
1061 1133 1187 1198 quoque
1208 1113 1321 1196 regula
1336 1112 1415 1179 baec
1431 1119 1562 1196 regnat:

342 1229 436 1297 nobis
460 1228 549 1294 lacus
565 1227 694 1311 quidam
714 1244 751 1292 ac
767 1226 941 1291 semirutae
964 1241 1067 1307 aquae
1089 1222 1277 1305 plerumque
1292 1226 1442 1304 prostant
1465 1219 1561 1286 solae.

343 1337 463 1404 rivulos
493 1353 602 1402 omnes
631 1339 665 1400 et
688 1333 816 1400 canales
839 1331 981 1397 indicare
1004 1330 1172 1414 nequimus
1194 1347 1279 1394 nunc
1302 1332 1399 1410 certe,
1425 1327 1563 1396 fortasse

345 1462 485 1526 semper:
517 1449 553 1509 at
579 1443 710 1526 benigni
733 1441 767 1507 di
790 1457 976 1507 concessere
999 1443 1037 1504 ut
1059 1437 1100 1504 ad
1124 1440 1221 1520 caput
1243 1434 1350 1516 lentis,
1374 1435 1417 1500 ad
1440 1436 1563 1503 Aristo·

344 1553 467 1636 phanes
492 1556 525 1618 et
547 1551 775 1633 Apollodoros‚
800 1549 841 1614 ad
864 1547 996 1631 Satyros
1021 1551 1055 1612 et
1076 1544 1270 1628 Hermippos
1298 1543 1427 1610 ascendi
1450 1544 1562 1626 possit,

344 1661 411 1726 sive
448 1660 563 1741 mavis,
612 1658 747 1738 evolari;
793 1656 953 1740 gradatim
990 1653 1089 1737 pedes
1131 1650 1277 1735 prolerre
1318 1670 1383 1718 non
1426 1652 1563 1734 amplius

292 1833 296 1846 ,
344 1769 429 1835 licet.
484 1766 621 1833 fortasse
652 1767 761 1849 paullo
790 1764 956 1832 obscurius
978 1763 1104 1827 locutus
1128 1778 1199 1826 sum
1221 1759 1309 1841 aliis,
1338 1758 1396 1825 sed
1417 1764 1455 1824 tu
1478 1763 1563 1825 certe

345 1875 423 1959 quid
446 1874 542 1940 velim
571 1874 741 1956 intellegis.
793 1872 876 1939 dabo
905 1875 1013 1936 autem
1041 1887 1080 1934 ex
1105 1869 1176 1950 ipso
1199 1868 1345 1950 Diogene
1374 1866 1560 1949 exemplum.

345 1982 487 2049 Timonis
510 1981 610 2047 vitam
624 1981 786 2063 Diogenes
810 1998 828 2046 e
851 1979 958 2045 nescio
983 1979 1072 2044 cuius
1095 1977 1228 2059 sceptici
1249 1975 1333 2042 libro
1357 1975 1495 2058 sumpsit
1510 1974 1563 2057 qui

343 2088 553 2173 biographica
576 2092 610 2154 et
632 2087 870 2170 doxographica
893 2085 1114 2168 coniungebat.
1154 2082 1211 2149 sed
1227 2083 1360 2164 sceptici
1382 2082 1471 2149 illius
1493 2081 1563 2148 fons

343 2199 410 2264 vita
434 2201 505 2262 erat
520 2214 616 2280 quam
631 2196 840 2279 Apollonides
856 2195 1042 2261 Nicaeensis
1060 2193 1211 2260 Sillorum
1226 2193 1455 2258 commentario
1472 2209 1563 2274 prae

343 2306 485 2370 miserat.
532 2303 580 2368 lx
598 2305 659 2368 109
678 2299 916 2389 Ἀπολλωνίδης
938 2299 957 2367 ὅ
977 2303 1117 2377 Νικαεύς
1140 2298 1160 2367 o‘
1181 2301 1259 2387 παρ’
1276 2297 1368 2386 ἡμῶν
1391 2299 1424 2385 (i.
1442 2319 1470 2366 e.
1486 2299 1563 2366 item

345 2411 518 2495 scepticus)
542 2410 579 2475 ἐν
608 2415 652 2498 τῷ
677 2407 793 2498 πρώτῳ
820 2413 886 2476 τῶν
913 2413 957 2486 εἰς
982 2407 1056 2485 τούς
1078 2408 1206 2484 σίλλους
1228 2403 1478 2494 ὑπομνημάτων.
1526 2426 1564 2473 ex

344 2538 381 2584 eo
406 2521 533 2601 integra
553 2519 622 2585 vita
641 2518 770 2601 pendet,
796 2523 893 2601 atque
916 2517 967 2584 vel
985 2522 1208 2600 argumentum
1225 2515 1376 2583 Sillorum
1398 2521 1563 2599 receptum

342 2632 401 2692 est.
440 2627 510 2708 ipse
534 2643 610 2692 vero
624 2613 835 2708 'Apollonides
851 2643 910 2690 sua
931 2628 1059 2690 tantum
1081 2642 1145 2690 non
1162 2623 1269 2690 omnia
1292 2623 1429 2705 sumpsit
1452 2641 1492 2688 ex
1509 2621 1563 2690 So-

342 2734 440 2799 tionis
463 2732 628 2799 diadoohis
657 2738 691 2799 et
713 2733 867 2817 Antigoni
891 2731 1029 2816 Carystii
1056 2733 1124 2799 vita
1148 2732 1356 2798 Timonis-
1386 2731 1477 2798 vides
1501 2749 1562 2814 quo

342 2842 436 2907 modo
452 2842 591 2907 vitarum
608 2857 743 2921 corpora
766 2845 800 2905 et
823 2839 1068 2906 scholiastarum
1085 2857 1179 2906 curae
1203 2841 1288 2906 inter
1304 2858 1339 2906 se
1360 2838 1561 2906 cohaereant.

345 2949 439 3016 credo
468 2949 569 3030 igitur
599 2965 669 3013 eam
697 2947 878 3031 inquirendi
901 2948 995 3029 viam,
1026 2966 1121 3032 quam
1145 2945 1221 3014 olim
1244 2947 1435 3028 monstravi,
1465 2947 1564 3013 etiam

345 3058 386 3123 ad
409 3055 619 3139 philosophos
642 3060 716 3121 tuos
738 3054 854 3120 faeere.

432 3164 496 3230 Sed
519 3182 596 3229 sane
619 3182 683 3229 non
708 3161 987 3244 subterfirgiendus
1014 3161 1107 3228 labor
1135 3162 1190 3244 qui
1214 3179 1234 3226 a
1256 3162 1454 3244 singulorum
1481 3180 1562 3228 com·
1655 3205 1658 3215 .

342 3271 516 3354 pilatorum
544 3271 688 3337 moribus
719 3275 753 3337 et
780 3271 1062 3338 consuetudinibus
1088 3269 1313 3353 perquirendis
1344 3271 1463 3336 sensim
1490 3289 1562 3354 pro-

344 3379 437 3444 cedit.
478 3382 575 3460 atque
599 3379 749 3461 quoniam
772 3379 950 3461 Diogenem
972 3379 1175 3461 potissimum
1197 3383 1388 3459 tractamus,
1414 3379 1477 3444 etei
1499 3379 1563 3444 iam

343 3504 442 3567 supra
463 3485 620 3566 imparem
642 3505 785 3552 maesse
807 3487 870 3553 toti
893 3487 983 3569 operi
1001 3487 1095 3568 edixi,
1121 3505 1191 3552 ere
1213 3492 1322 3553 tamen
1344 3485 1450 3551 iudico
1467 3504 1567 3578 quamx

343 3611 474 3675 possum
496 3592 682 3674 plenissime
710 3611 765 3661 eos
789 3613 978 3661 enumerare
1002 3596 1189 3678 scriptores,
1220 3611 1300 3676 quos
1322 3593 1409 3660 telae
1437 3593 1561 3660 alienae

343 3700 436 3783 quasi
459 3700 641 3767 subtemina
659 3702 795 3767 inseruit
809 3703 980 3785 Diogenes.
1016 3721 1080 3784 qua
1094 3703 1128 3766 in
1144 3702 1333 3784 quaestione
1346 3701 1563 3784 promovenda

344 3807 545 3874 Babnschius
568 3809 770 3890 potissimum
792 3809 985 3876 laudabilem
1010 3828 1141 3892 operam
1164 3809 1350 3876 conlocavit.
1385 3809 1562 3892 principem

342 3916 428 3981 inter
451 3916 510 3982 hos
538 3916 642 3982 locum
671 3922 762 3984 tenet
784 3918 971 4000 Favorinus,
996 3919 1036 3985 de
1059 3938 1121 4001 quo
1145 3918 1266 3984 dictum
1295 3921 1358 3997 cst;
1390 3916 1561 3983 secundum

343 4022 509 4090 DIOCLIS
531 4021 688 4110 ἐπιδρομή
713 4022 912 4112 φιλοσόφον,
943 4031 1039 4109 atque
1067 4044 1142 4093 vere
1164 4025 1318 4092 monuisti
1340 4024 1453 4092 deesse
1477 4024 1562 4108 apud

344 4291 508 4347 simillimum
539 4290 639 4360 rideri,
672 4290 780 4347 Aelium
808 4289 969 4361 Dionysium
1001 4289 1118 4359 catalogi
1150 4289 1310 4359 amplissimi
1336 4295 1475 4346 auctorem
1503 4306 1560 4346 esse
1683 4335 1689 4360 ,

343 4381 387 4452 (oi.
406 4397 433 4450 p.
451 4380 591 4436 441ibelli
609 4380 668 4450 tui).
706 4396 721 4436 e
740 4380 850 4450 Sibyllis
868 4380 902 4436 de
920 4379 1037 4450 Orpheis
1055 4379 1186 4436 iudicium
1204 4378 1313 4450 pendet,
1337 4379 1384 4448 qui
1406 4379 1472 4435 item
1490 4380 1561 4450 apud

344 4469 509 4526 Clementem
527 4475 556 4527 et
573 4470 740 4542 Hesycbium
757 4475 828 4527 sunt.
1467 4489 1470 4497 ¹
