3420 5408
366 473 408 538 60

363 653 419 733 sio,
444 655 480 717 ut
503 670 574 718 oum
597 650 727 718 Laertio
755 667 910 734 summam
933 648 1050 732 prodat
1073 643 1332 729 adfinitatem⁶⁵).
1372 647 1442 731 Age
1465 654 1591 714 utrum·
1672 643 1673 646 ’

364 778 425 842 que
450 777 681 843 comparem,
705 763 743 824 ut
765 757 921 824 reddatur
943 755 1038 824 facile
1061 761 1183 822 rectum
1206 756 1371 824 indicium:

566 880 741 951 Apuleius
970 879 974 968 J
1212 877 1373 970 Laertius

361 1027 437 1112 1[p.
454 1027 505 1107 63,
519 1030 538 1092 2
553 1026 683 1112 Goldb.]
699 1024 841 1092 Platoni
855 1023 947 1091 λιτάν’·
1001 1023 1092 1090 ΙΠ4
1127 1017 1186 1108 άῳ’
1217 1017 1254 1089 οὗ
1290 1021 1494 1110 [Ἀρίστωνος
1528 1027 1589 1090 eost
1674 1069 1675 1086 ι

361 1135 441 1199 tudo
460 1131 608 1219 corporis
623 1138 876 1218 cognomentum,
893 1131 946 1196 de·
1001 1129 1198 1214 metumtot]
1222 1131 1277 1194 καλ
1295 1129 1436 1196 Πλάτων
1453 1129 1513 1193 διά
1528 1127 1588 1213 τὴν

361 1239 421 1312 dit,
458 1261 601 1326 nomque
630 1237 811 1304 Aristocles
841 1236 947 1325 prius
1002 1233 1131 1316 εὐεξίαν
1143 1234 1588 1324 μετωνομάσθη..πρότερον

361 1351 409 1412 est
430 1343 632 1412 nominatus
995 1341 1199 1432 Ἀριστοκλῆς
1245 1339 1312 1409 άπδ
1350 1351 1408 1411 τοό
1446 1344 1587 1411 πάππου
1675 1342 1676 1372 r

1000 1450 1209 1536 καλούμενος,
1238 1451 1331 1516 καθά
1360 1469 1457 1539 φησιν
1481 1449 1587 1518 Ἀλέ-

1001 1559 1165 1645 ξανδρος
1188 1555 1481 1643 δνδιαδοχαίς·

361 1666 412 1733 Ei
436 1655 553 1733 Aristo
570 1666 690 1754 fuisse
713 1674 812 1756 poter
838 1666 947 1734 dietus
1000 1667 1088 1732 1111
1116 1661 1258 1732 Πλάτων
1296 1663 1489 1755 Ἀρίστωνος
1533 1669 1588 1732 καί
1676 1647 1677 1650 ¹

360 1781 416 1840 est.
453 1777 602 1841 Ceterum
618 1773 807 1841 Perictroru
823 1773 950 1840 Glouci
1004 1772 1207 1861 Περικτιόνης
1247 1769 1268 1858 ἢ
1304 1772 1454 1860 Ποτόνης
1484 1771 1587 1862 Ἀδη-

360 1881 434 1953 tileo
456 1887 562 1947 meter
577 1880 663 1968 fuit
690 1888 722 1970 et
746 1883 785 1946 de
807 1889 947 1969 utroque
1002 1891 1093 1956 νατος
1110 1931 1139 1947 ..
1158 1881 1239 1968 φασί
1256 1880 1361 1947 δὲκαὶ
1382 1879 1440 1948 τδν
1460 1887 1587 1968 πατέρα

361 1988 516 2055 nobilitas
558 1986 642 2053 sotis
685 1988 788 2054 clero.
853 1989 946 2054 Nom
1001 1983 1104 2053 αότοό
1132 1983 1267 2069 ἀνάγειν
1297 1991 1343 2064 είς
1371 1989 1495 2077 Κόδρον
1528 1990 1588 2056 τὸν

360 2095 477 2160 Aristo
504 2102 604 2182 poter
630 2103 695 2183 per
728 2097 873 2162 Codrum
906 2096 947 2162 ob
1004 2093 1204 2174 Μελάνθου,
1234 2103 1349 2173 οίτινες
1375 2094 1441 2161 άπδ
1467 2102 1587 2164 Ποσει-

361 2201 431 2290 ὴίεο
453 2202 610 2290 Neptuno
636 2201 804 2290 originem
830 2201 943 2276 duxit,
1001 2201 1106 2279 δῶνος
1132 2200 1335 2290 ἱστοροῦνται
1362 2207 1458 2270 κατά
1484 2203 1588 2294 Θρά-

359 2332 380 2373 α
403 2309 522 2376 Selom
548 2307 791 2396 sapientissimo
818 2309 883 2398 qui
902 2310 946 2376 le·
1001 2310 1189 2378 σολον
1213 2308 1281 2397 ἥτις
1303 2313 1340 2377 τδ
1363 2315 1454 2392 γένος
1470 2309 1588 2401 άνέῳε-

267 2447 271 2458 »
355 2437 443 2501 gum
465 2415 658 2482 Atticorum
668 2417 844 2500 fundator
863 2416 949 2500 fuit
1001 2441 1055 2505 ρεν
1078 2419 1123 2494 είς
1146 2417 1298 2484 Σόλωνα·

360 2529 533 2588 πταίσαντας
547 2522 718 2588 demontus
730 2529 779 2588 est
790 2523 944 2611 sanguis.

359 2629 452 2697 Sunt
469 2631 534 2718 qui
553 2632 726 2696 Platonem
748 2631 946 2718 augustiore
1000 2630 1308 2708 Σπεάσιπποςδ
1346 2630 1387 2698 ἒν
1420 2637 1469 2721 τῷ
1500 2634 1588 2699 ἐπι-

359 2743 513 2825 eonceptu
529 2743 707 2824 prosatum
728 2736 851 2812 dieunt,
869 2761 945 2804 eum
999 2743 1231 2829 γραφομένῳ
1250 2740 1456 2817 Πλάτωνος
1477 2765 1587 2828 περι-

358 2843 492 2936 quidem
509 2841 682 2931 Apollines
692 2844 865 2932 figuratio
882 2848 944 2912 Pe·
1000 2848 1149 2934 δείπνῳ
1168 2847 1235 2912 καὶ
1257 2847 1455 2935 Κλέαρχος
1474 2848 1516 2916 δν
1538 2854 1589 2937 τῷ

360 2950 498 3018 rictione
519 2974 553 3018 se
575 2949 768 3019 miscuisset.
1002 2954 1213 3030 Πλάτωνος
1254 2953 1481 3043 δγκωμίῳθῆ
1523 2957 1588 3022 καὶ

365 3059 368 3068 ’
993 3059 1277 3148 Ἀναξιλαίδρς
1294 3060 1336 3127 δν
1350 3068 1400 3150 τῷ
1419 3061 1587 3151 δευτέρῳ

862 3167 864 3174 ’
998 3175 1088 3257 περὶ
1126 3167 1357 3255 φιλοσόφων
1391 3174 1507 3255 φασίν,
1544 3171 1587 3248 ὡς

992 3271 1172 3361 Ἀθήνησιν
1182 3271 1222 3360 ἦν
1234 3275 1337 3360 λόγος,
1346 3275 1473 3364 ὡραίαν
1482 3274 1587 3344 οὖσαν

958 3445 962 3450 .
997 3380 1056 3466 τὴν
1084 3382 1295 3470 Περικτιόνην
1327 3384 1502 3468 βιάζεσθαι
1531 3387 1588 3452 τὸν

992 3485 1171 3574 Ἀρίστωνα
1198 3489 1318 3578 καὶμὴ
1342 3489 1584 3574 ἐπιτυγχάνειν·

998 3593 1187 3678 παυόμενον
1202 3597 1240 3662 δὲ
1261 3599 1318 3682 τῆς
1337 3601 1413 3679 βίας
1429 3599 1515 3664 ίδείν
1529 3602 1586 3686 τὴν

998 3706 1054 3767 τοῦ
1072 3697 1281 3780 ’Λπόλλωνος
1304 3705 1399 3792 ὄψιν,
1424 3704 1509 3772 ὅθεν
1530 3732 1585 3771 κα-

997 3809 1115 3895 θαράν
1141 3807 1248 3893 γάμου
1276 3811 1421 3898 φυλάξαι
1447 3817 1505 3889 ἓως
1532 3815 1584 3899 τῆς

998 3915 1219 4004 ἀποκυήσεως·

430 4145 467 4218 ⁶⁵)
485 4146 631 4218 Apuleium
655 4147 759 4203 scholia
779 4148 808 4202 in
826 4148 966 4205 Lucanum
985 4150 1011 4206 X
1033 4153 1082 4207 180
1102 4151 1218 4222 [Vsener
1235 4169 1262 4223 p.
1275 4154 1325 4210 321
1347 4153 1418 4224 sqq]
1436 4159 1466 4209 et
1484 4152 1582 4210 Iohan-

358 4255 406 4293 nes
426 4235 635 4292 Sarisberiensis
653 4252 823 4307 excerpsere.

430 4327 468 4398 ⁶⁶)
487 4327 516 4382 G.
535 4327 581 4382 Fr.
600 4327 739 4382 Hermann
756 4329 924 4398 transposuit
941 4330 1036 4387 titulos
1049 4330 1220 4394 Σπεύσιππος
1237 4335 1266 4385 ίν
1285 4331 1321 4402 τῷ
1335 4332 1479 4392 Πλάτωνος
1498 4335 1578 4402 ἐγκω-

358 4424 414 4492 μίῳ
432 4420 478 4472 καὶ
491 4421 625 4490 Κλέαρχος
643 4421 672 4471 ἐν
684 4419 720 4489 τῷ
731 4421 938 4492 ἐπιγραφομένῳ
951 4419 1095 4482 Πλάτωνος
1112 4423 1276 4493 περιδείπνῳ
1295 4420 1403 4476 conlato
1415 4419 1449 4475 D.
1459 4421 1491 4476 Ιι.
1500 4419 1547 4476 IV·
1555 4422 1581 4476 5.
