3420 5408
644 676 816 730 Laertius.
1246 665 1473 723 Ptolomaeus

1178 751 1540 764 *ιι-ἡξ-

405 895 632 976 Stagiritarum
657 895 842 976 sospitator,
867 894 1035 976 legislator

404 1001 538 1067 Scholaa
562 1002 724 1068 institutio

351 1111 380 1176 5.
405 1111 454 1174 De
478 1109 674 1175 Callisthene

402 1215 480 1282 XIII
504 1235 604 1280 annos
628 1215 815 1280 scholarcha
839 1217 1139 1305 [Apollodorus]

403 1323 583 1404 impietatis
603 1341 677 1387 reus
702 1322 742 1387 ab
758 1321 1004 1404 Eurymedonta
1030 1326 1096 1391 sive
1121 1347 1140 1392 a

447 1430 637 1512 Damophilo
661 1429 862 1514 [Favorini
886 1451 914 1496 o.
939 1430 986 1516 h.]

351 1539 378 1602 6.
405 1538 612 1619 Epigramma

404 1644 493 1708 Mors
517 1643 726 1729 [Eumelus]
1167 1673 1197 1734 p.
1216 1654 1235 1717 8
1260 1650 1308 1734 [et
1331 1651 1462 1735 dictum]

404 1750 500 1818 Falso
540 1751 736 1830 trigenarins
774 1752 920 1819 Platonis
963 1753 1139 1836 discipulus

426 1858 637 1942 [Eumelus]

348 1971 378 2031 7.
402 1967 547 2048 Hymnus
570 1965 602 2029 in
626 1966 790 2030 Hermiam

314 763 576 854 Theranda
600 787 755 868 magister
1168 795 1186 950 1

1169 953 1182 1100 1
1208 909 1278 1000 p,4
1304 902 1429 996 [plura]

450 2199 488 2244 ex
512 2179 651 2261 eplatula
674 2181 715 2244 ad
732 2180 937 2262 Antipatrum
961 2181 1139 2268 missa]¹⁰¹)

215 2339 218 2346 .
329 2291 378 2354 10.
405 2288 621 2368 Chronologia
643 2287 944 2372 [Apollodorus]

349 2076 378 2140 9.
403 2073 571 2137 Inventum
595 2073 716 2137 dictum
740 2073 937 2156 [Favorini
961 2063 1045 2141 osh.
1071 2078 1138 2142 soil.
1277 2148 1281 2154 ,

1177 2065 1241 2479 ξι).
1260 2242 1279 2305 3
1304 2238 1424 2324 [plura]

406 2395 484 2459 Cum
507 2394 689 2460 Alexandro
714 2394 862 2459 simultas

330 2507 379 2568 ll.
406 2502 567 2567 Theocriti
592 2503 789 2584 epigramma
812 2502 1003 2589 [Ambryon]

407 2610 584 2676 Timonis
607 2628 719 2675 versus

319 2721 448 2784 11-16
473 2717 713 2781 Testamentum

410 2828 449 2888 16
474 2823 678 2890 Consuetudo
701 2824 829 2890 lavandi
854 2823 982 2912 [Lyco]

320 2935 446 2997 17-21
475 2931 757 3014 apophthegmata
805 2933 1011 3016 [Favorini
1050 2955 1142 3018 apo·

474 3041 822 3124 mnemoneumata]

320 3149 451 3213 21-28
475 3146 565 3210 Libri
591 3148 653 3210 146
676 3145 929 3233 Hermippei¹⁰²)

409 3255 450 3318 35
475 3254 665 3336 Homonymi
687 3260 768 3320 octo.
1071 3249 1075 3258 ⁴
1148 3255 1361 3337 'Homonymi
1394 3255 1457 3320 duo
1486 3253 1536 3338 [ci.

1216 3381 1313 3444 supra
1336 3384 1366 3445 p.
1386 3365 1428 3428 84
1452 3361 1521 3446 sq.].

409 3468 571 3549 Religiose
609 3487 647 3532 ea
681 3467 787 3532 omnia
822 3469 977 3533 devitavit
1012 3468 1229 3550 Ptolemaeus,
1270 3489 1351 3558 quae
1386 3469 1540 3551 probitati

321 3577 488 3641 Aristoteli
523 3574 651 3640 officere
686 3577 880 3640 viderentur.
935 3575 1054 3642 Contra
1089 3578 1205 3642 desunt
1234 3579 1267 3642 in
1297 3577 1427 3644 LaertIo
1460 3595 1540 3659 quae

321 3683 450 3750 exhibet
472 3684 676 3747 Ptolemaeus

410 3812 441 3873 p.
461 3796 476 3855 1
504 3790 641 3874 [Robbe]
666 3789 783 3857 fratres
806 3790 1007 3856 Arimnestus
1032 3796 1065 3857 et
1088 3792 1271 3858 Arimneste

412 3919 442 3982 p.
461 3902 480 3962 2
505 3899 669 3964 lnst'tutio
1219 3934 1222 3940 ,

322 4011 351 4018 ”
394 4021 445 4109 1⁶1)
463 4039 546 4093 aenis
564 4039 636 4108 apua
655 4038 798 4092 Aelianum
816 4038 849 4092 v.
869 4037 903 4091 n.
922 4039 963 4091 111
983 4041 1025 4094 aa
1061 4039 1150 4094 aava
1170 4039 1198 4092 in
1217 4044 1269 4093 cat.
1289 4037 1345 4094 aab.
1383 4039 1450 4094 vita
1468 4039 1541 4094 nar-

324 4130 401 4184 ciana
419 4129 491 4182 idem
508 4144 543 4181 ex
561 4127 678 4196 epistula
696 4127 853 4198 Aristotelis
872 4127 905 4181 ad
924 4129 1101 4197 Antipatrum
1119 4146 1145 4198 p.
1164 4127 1298 4184 8Rohbe.

396 4212 446 4282 102)
464 4213 637 4267 Ptolemaeus
656 4217 687 4265 ut
705 4213 763 4266 dixi
782 4218 974 4268 testamentum
993 4220 1020 4268 et
1042 4213 1173 4268 librorum
1187 4214 1337 4283 catalogum
1350 4213 1542 4282 Hermippeum

324 4317 378 4354 non
398 4315 431 4352 ex
449 4298 595 4366 Favorino,
618 4297 689 4352 unde
709 4289 814 4367 cetera,
834 4299 881 4352 sed
901 4315 935 4353 ex
953 4298 1110 4353 Andronico
1134 4299 1257 4353 subicere
1277 4298 1381 4352 maluit.
1401 4330 1434 4337 —
1453 4297 1543 4352 Favo-

326 4385 401 4438 rinus
413 4390 504 4436 utrum
518 4383 593 4435 illum
606 4382 722 4436 indicem
736 4400 769 4435 ex
782 4383 931 4452 Hermippo
954 4384 1012 4452 ipso
1032 4401 1128 4451 anper
1141 4383 1308 4437 Demetrium
1327 4383 1472 4451 acceperit,
1490 4399 1544 4437 non

325 4477 415 4544 potest
429 4474 488 4524 tuto
502 4467 627 4522 discerni.
659 4467 768 4522 Certum
782 4476 824 4523 est
837 4468 971 4522 Favorino
992 4467 1168 4539 Hermippum
1188 4468 1221 4522 ad
1241 4484 1334 4522 manus
1348 4467 1436 4535 ipsum
1449 4467 1542 4522 fuisse.
